2617 4209
374 364 448 439 160
547 353 775 434 Onar'ro
811 361 875 431 II,

368 500 447 541 nunc
464 526 473 555 ,
493 500 545 541 eos
565 524 574 553 ,
595 480 643 560 qui
661 500 678 536 a
696 478 782 538 vobis
806 478 880 539 nihil
907 476 1081 559 potestatis·

369 562 558 642 acceperint,
574 559 684 640 quanto
698 554 855 638 majoribus
876 565 1065 623 ornamentis

370 640 500 716 afficiat,
519 639 607 723 quim
620 658 724 699 omnes
743 657 797 697 nos
821 636 918 700 affeffi
939 640 1064 715 sumus,-

385 719 474 781 ¹uibus
489 743 544 783 vos
553 719 741 800 amplissimas
750 722 914 799 potestates
932 721 1064 784 dedistiss

369 743 457 863 lubet
470 802 508 862 arl
521 792 660 882 auspicia,
674 800 852 859 coloniarum
870 794 1067 865 deducenda·

368 903 434 942 rum
457 883 563 955 nansi,
577 882 761 942 decemviros
778 881 890 942 lubere
911 884 1064 963 pullarios.

369 965 476 1022 Eodem
489 960 574 1044 jure,
591 961 704 1044 inquit,
723 976 776 1041 quo
790 964 951 1025 rabuerunt
969 964 1080 1044 tresvir

370 1044 396 1102 ri
413 1045 469 1125 lege
488 1044 657 1124 Sempronii.
688 1041 790 1101 Audes
811 1044 927 1117 etiam,
949 1042 1064 1118 Rulle,

370 1125 553 1185 mentionem
570 1122 667 1184 facere
686 1122 757 1204 legis
770 1120 988 1205 Semproniae?
1012 1144 1063 1187 nec

368 1219 403 1264 -re
426 1225 460 1266 ea
479 1206 526 1266 lex
542 1203 600 1286 ipsa
618 1218 791 1265 commonet
809 1243 820 1277 ,
840 1219 904 1264 tres
925 1206 1014 1266 viros
1031 1206 1063 1267 ila

372 1284 419 1345 los
442 1299 540 1346 xxxv
553 1285 681 1345 tribuum
692 1280 824 1365 suffragio
842 1282 906 1346 elle
922 1285 1063 1347 creatosl

369 1362 412 1425 ‚Et
421 1402 433 1437 ,
452 1386 541 1447 quurn
558 1381 618 1424 tua
636 1358 707 1424 Tib.
727 1362 852 1425 Gracchi
870 1369 1063 1448 aequitatem

371 1445 485 1527 pudore
506 1444 674 1527 longissime
695 1461 825 1505 remotus
845 1447 908 1519 sis3
928 1448 963 1508 id
986 1447 1063 1530 quod

373 1524 562 1585 dissimillima
587 1527 700 1584 ratione
723 1523 832 1585 fusium
855 1528 925 1602 sit,
956 1529 1063 1591 eodem

372 1602 436 1688 jure
477 1602 611 1667 urasesle
629 1605 789 1687 oportere?

414 1627 517 1747 xiil.
538 1684 601 1747 Dat
619 1704 759 1768 praeterea
775 1683 959 1767 potestatem
969 1735 985 1763 ,
1001 1709 1064 1754 ver·

371 1765 414 1828 bo
429 1770 611 1850 ptaetoriant,
627 1788 659 1829 re
676 1769 746 1830 verri
762 1768 895 1849 regiam:
916 1769 1064 1833 desinitis

368 1851 620 1930 quinquennium,
639 1848 707 1908 satit
721 1847 931 1928 sempiternam
949 1871 958 1911 :
981 1854 1064 1913 tantis

373 1931 452 1989 enim
471 1928 621 1991 confirmat
633 1930 737 2011 opibus
754 1929 786 1989 &
803 1930 921 2009 copiis,
938 1949 977 1993 ut
995 1935 1064 1994 invi·

373 2012 411 2069 tis
432 2014 503 2092 eripi
523 2012 602 2071 nullo
623 2010 715 2071 modo
734 2010 849 2091 possit:
875 2010 994 2075 deinde
1016 2035 1063 2076 or·

373 2109 424 2150 nat
443 2092 674 2172 apparitoribus,
692 2091 807 2163 scribis,
821 2090 948 2153 librariis
962 2138 976 2167 ,
994 2116 1064 2177 prae·

373 2173 515 2243 sonibus,
533 2171 715 2244 architeslis3
731 2189 871 2252 praeterea
885 2175 1004 2251 mulis,
1024 2194 1062 2237 ta·

373 2250 554 2325 bernaculis,
572 2253 725 2325 centuriis,
742 2250 955 2331 suppellesl'rli:
973 2256 1063 2338 sursp·

375 2347 438 2390 tum
454 2332 544 2391 haurit
563 2351 598 2392 ex
614 2334 713 2391 aerario
727 2376 736 2405 ,
750 2332 946 2413 suppeditata
963 2336 1063 2399 sociisz

372 2407 512 2491 janitores
529 2433 564 2473 ex
581 2412 706 2496 equestri
720 2413 788 2473 loco
806 2415 957 2477 ducentos
974 2420 1065 2479 inan·

374 2511 430 2565 nos
450 2494 578 2574 singulos
596 2538 606 2565 ‚
624 2492 774 2575 stipatores
797 2499 931 2575 corporis
956 2497 1065 2560 consti.-

373 2572 447 2644 tuit3
467 2572 590 2633 eosdem
605 2573 747 2634 ministros
765 2620 774 2648 ‚
793 2575 825 2635 &
849 2575 995 2640 satellites
1014 2601 1066 2662 po·

372 2650 491 2713 testatis.
508 2653 645 2714 Formam
659 2655 751 2715 adhuc
766 2656 877 2716 habetis
887 2701 897 2732 ,
908 2658 1065 2741 Quirites,

374 2734 409 2796 &
431 2734 554 2815 speciem
577 2734 667 2815 ipsam
691 2752 882 2817 tyrannorum
904 2761 912 2798 r
940 2742 1067 2825 insignia

372 2815 479 2877 videtis
521 2814 646 2877 otestatis
666 2859 678 2888 ‚
698 2818 829 2877 nondum
849 2817 942 2899 ipsam
965 2820 1066 2901 potes

372 2893 476 2963 roten,
538 2899 622 2960 ixerit
643 2899 723 2960 enim
747 2895 863 2960 sortasse
887 2900 1069 2985 quispiam,
