<?xml version="1.0" encoding="UTF-8"?>
<!DOCTYPE html PUBLIC "-//W3C//DTD XHTML 1.0 Transitional//EN"
    "http://www.w3.org/TR/xhtml1/DTD/xhtml1-transitional.dtd">
<html xmlns="http://www.w3.org/1999/xhtml" xml:lang="en" lang="en">
 <head>
  <title>
</title>
<meta http-equiv="Content-Type" content="text/html;charset=utf-8" />
  <meta name='ocr-system' content='tesseract 3.04.00' />
  <meta name='ocr-capabilities' content='ocr_page ocr_carea ocr_par ocr_line ocrx_word'/>
</head>
<body>
  <div class='ocr_page' id='page_1' title='image "./mtulliiciceroni08lallgoog_0302.png"; bbox 0 0 2617 4209; ppageno 0'>
   <div class='ocr_carea' id='block_1_1' title="bbox 336 333 882 428">
    <p class='ocr_par' dir='ltr' id='par_1_1' title="bbox 336 333 882 428">
     <span class='ocr_line' id='line_1_1' title="bbox 336 333 882 428; baseline -0.007 -21"><span class='ocrx_word' id='word_1_1' title='bbox 336 335 413 428; x_wconf 83' lang='lat'>298</span> <span class='ocrx_word' id='word_1_2' title='bbox 502 333 728 404; x_wconf 68' lang='lat' dir='ltr'>orento</span> <span class='ocrx_word' id='word_1_3' title='bbox 759 333 882 404; x_wconf 66' lang='lat' dir='ltr'>JV·-</span> 
     </span>
    </p>
   </div>
   <div class='ocr_carea' id='block_1_2' title="bbox 336 444 1024 623">
    <p class='ocr_par' dir='ltr' id='par_1_2' title="bbox 336 444 1024 623">
     <span class='ocr_line' id='line_1_2' title="bbox 337 444 1023 530; baseline -0.001 -21"><span class='ocrx_word' id='word_1_4' title='bbox 337 448 483 510; x_wconf 87' lang='lat' dir='ltr'>censeatis.</span> <span class='ocrx_word' id='word_1_5' title='bbox 507 449 560 511; x_wconf 87' lang='lat' dir='ltr'>Illa</span> <span class='ocrx_word' id='word_1_6' title='bbox 583 449 762 530; x_wconf 78' lang='lat' dir='ltr'>praedicam,</span> <span class='ocrx_word' id='word_1_7' title='bbox 782 469 848 530; x_wconf 81' lang='lat' dir='ltr'>quae</span> <span class='ocrx_word' id='word_1_8' title='bbox 869 444 934 507; x_wconf 87' lang='lat' dir='ltr'>sunt</span> <span class='ocrx_word' id='word_1_9' title='bbox 952 459 1023 509; x_wconf 73' lang='lat' dir='ltr'>cota·¹</span> 
     </span>
     <span class='ocr_line' id='line_1_3' title="bbox 336 528 1024 623; baseline -0.001 -33"><span class='ocrx_word' id='word_1_10' title='bbox 336 529 411 590; x_wconf 82' lang='lat' dir='ltr'>sulis.</span> <span class='ocrx_word' id='word_1_11' title='bbox 440 529 506 613; x_wconf 82' lang='lat' dir='ltr'>Ego</span> <span class='ocrx_word' id='word_1_12' title='bbox 534 551 672 613; x_wconf 85' lang='lat' dir='ltr'>magnum</span> <span class='ocrx_word' id='word_1_13' title='bbox 692 533 722 591; x_wconf 89' lang='lat' dir='ltr'>in</span> <span class='ocrx_word' id='word_1_14' title='bbox 748 528 899 623; x_wconf 76' lang='lat' dir='ltr'>republica</span> <span class='ocrx_word' id='word_1_15' title='bbox 923 528 1024 589; x_wconf 80' lang='lat' dir='ltr'>versati</span> 
     </span>
    </p>
   </div>
   <div class='ocr_carea' id='block_1_3' title="bbox 213 607 1023 695">
    <p class='ocr_par' dir='ltr' id='par_1_3' title="bbox 213 607 1023 695">
     <span class='ocr_line' id='line_1_4' title="bbox 213 607 1023 695; baseline -0.001 -24"><span class='ocrx_word' id='word_1_16' title='bbox 213 684 219 695; x_wconf 35' lang='lat'><strong><em>¹</em></strong></span> <span class='ocrx_word' id='word_1_17' title='bbox 335 610 487 686; x_wconf 86' lang='lat' dir='ltr'>furorem,</span> <span class='ocrx_word' id='word_1_18' title='bbox 511 612 544 672; x_wconf 71' lang='grc' dir='ltr'><strong>ἃ</strong></span> <span class='ocrx_word' id='word_1_19' title='bbox 566 633 645 671; x_wconf 85' lang='lat' dir='ltr'>nova</span> <span class='ocrx_word' id='word_1_20' title='bbox 664 610 798 692; x_wconf 85' lang='lat' dir='ltr'>quaedam</span> <span class='ocrx_word' id='word_1_21' title='bbox 822 607 966 683; x_wconf 77' lang='lat' dir='ltr'>misceri,</span> <span class='ocrx_word' id='word_1_22' title='bbox 991 610 1023 670; x_wconf 70' lang='grc' dir='ltr'>ἃ</span> 
     </span>
    </p>
   </div>
   <div class='ocr_carea' id='block_1_4' title="bbox 270 686 1023 2790">
    <p class='ocr_par' dir='ltr' id='par_1_4' title="bbox 270 686 1023 1962">
     <span class='ocr_line' id='line_1_5' title="bbox 337 686 1023 771; baseline -0.003 -20"><span class='ocrx_word' id='word_1_23' title='bbox 337 694 476 753; x_wconf 85' lang='lat' dir='ltr'>concitari</span> <span class='ocrx_word' id='word_1_24' title='bbox 498 692 574 752; x_wconf 85' lang='lat' dir='ltr'>mala</span> <span class='ocrx_word' id='word_1_25' title='bbox 592 688 767 771; x_wconf 84' lang='lat' dir='ltr'>jampridem</span> <span class='ocrx_word' id='word_1_26' title='bbox 783 689 927 751; x_wconf 81' lang='lat' dir='ltr'>videbam</span> <span class='ocrx_word' id='word_1_27' title='bbox 945 709 954 748; x_wconf 72' lang='grc' dir='ltr'><em>τ</em></span> <span class='ocrx_word' id='word_1_28' title='bbox 977 686 1023 750; x_wconf 83' lang='lat' dir='ltr'>sed</span> 
     </span>
     <span class='ocr_line' id='line_1_6' title="bbox 336 770 1023 847; baseline -0.003 -16"><span class='ocrx_word' id='word_1_29' title='bbox 336 772 411 832; x_wconf 80' lang='lat' dir='ltr'>hanc</span> <span class='ocrx_word' id='word_1_30' title='bbox 429 789 565 847; x_wconf 83' lang='lat' dir='ltr'><strong>tantam,</strong></span> <span class='ocrx_word' id='word_1_31' title='bbox 585 790 646 831; x_wconf 85' lang='lat' dir='ltr'>tarn</span> <span class='ocrx_word' id='word_1_32' title='bbox 664 770 814 832; x_wconf 76' lang='lat' dir='ltr'>exitiosam</span> <span class='ocrx_word' id='word_1_33' title='bbox 826 770 934 832; x_wconf 80' lang='lat' dir='ltr'>haberi</span> <span class='ocrx_word' id='word_1_34' title='bbox 951 789 1023 830; x_wconf 87' lang='lat' dir='ltr'>con-</span> 
     </span>
     <span class='ocr_line' id='line_1_7' title="bbox 337 850 1023 932; baseline 0.001 -21"><span class='ocrx_word' id='word_1_35' title='bbox 337 850 344 861; x_wconf 92' lang='lat'>&#39;</span> <span class='ocrx_word' id='word_1_36' title='bbox 368 853 512 913; x_wconf 90' lang='lat' dir='ltr'>rationem</span> <span class='ocrx_word' id='word_1_37' title='bbox 534 876 551 912; x_wconf 92' lang='lat' dir='ltr'>a</span> <span class='ocrx_word' id='word_1_38' title='bbox 572 853 706 924; x_wconf 86' lang='lat' dir='ltr'>civibus,</span> <span class='ocrx_word' id='word_1_39' title='bbox 729 872 892 932; x_wconf 81' lang='lat' dir='ltr'>numquam</span> <span class='ocrx_word' id='word_1_40' title='bbox 915 852 1023 932; x_wconf 80' lang='lat' dir='ltr'>putavi.</span> 
     </span>
     <span class='ocr_line' id='line_1_8' title="bbox 335 873 1022 1071; baseline -0.001 -79"><span class='ocrx_word' id='word_1_41' title='bbox 335 873 446 1008; x_wconf 60' lang='lat' dir='ltr'>diune,</span> <span class='ocrx_word' id='word_1_42' title='bbox 469 934 608 1014; x_wconf 89' lang='lat' dir='ltr'>quidquid</span> <span class='ocrx_word' id='word_1_43' title='bbox 627 931 668 993; x_wconf 90' lang='lat' dir='ltr'>est</span> <span class='ocrx_word' id='word_1_44' title='bbox 686 976 697 1006; x_wconf 80' lang='lat'><em>‚</em></span> <span class='ocrx_word' id='word_1_45' title='bbox 716 949 909 1071; x_wconf 57' lang='lat' dir='ltr'>quocumpue</span> <span class='ocrx_word' id='word_1_46' title='bbox 926 929 1022 992; x_wconf 78' lang='lat' dir='ltr'>vestra</span> 
     </span>
     <span class='ocr_line' id='line_1_9' title="bbox 335 1012 1021 1087; baseline -0.003 -14"><span class='ocrx_word' id='word_1_47' title='bbox 335 1012 365 1073; x_wconf 82' lang='lat' dir='ltr'>se</span> <span class='ocrx_word' id='word_1_48' title='bbox 393 1030 509 1075; x_wconf 85' lang='lat' dir='ltr'>mentes</span> <span class='ocrx_word' id='word_1_49' title='bbox 532 1014 702 1087; x_wconf 86' lang='lat' dir='ltr'>inclinant,</span> <span class='ocrx_word' id='word_1_50' title='bbox 726 1029 754 1073; x_wconf 88' lang='lat' dir='ltr'>at</span> <span class='ocrx_word' id='word_1_51' title='bbox 798 1031 815 1073; x_wconf 89' lang='lat' dir='ltr'>e</span> <span class='ocrx_word' id='word_1_52' title='bbox 856 1013 1021 1086; x_wconf 74' lang='lat' dir='ltr'>tententiae,</span> 
     </span>
     <span class='ocr_line' id='line_1_10' title="bbox 270 1090 1022 1172; baseline -0.003 -19"><span class='ocrx_word' id='word_1_53' title='bbox 270 1117 272 1126; x_wconf 93' lang='lat'>·</span> <span class='ocrx_word' id='word_1_54' title='bbox 336 1091 519 1155; x_wconf 84' lang='lat' dir='ltr'>statuendum</span> <span class='ocrx_word' id='word_1_55' title='bbox 536 1095 622 1154; x_wconf 84' lang='lat' dir='ltr'>vobis</span> <span class='ocrx_word' id='word_1_56' title='bbox 640 1109 706 1154; x_wconf 90' lang='lat' dir='ltr'>ante</span> <span class='ocrx_word' id='word_1_57' title='bbox 720 1114 760 1154; x_wconf 90' lang='lat' dir='ltr'>no</span> <span class='ocrx_word' id='word_1_58' title='bbox 789 1114 839 1155; x_wconf 82' lang='lat' dir='ltr'>em</span> <span class='ocrx_word' id='word_1_59' title='bbox 849 1091 905 1155; x_wconf 81' lang='lat' dir='ltr'>est.</span> <span class='ocrx_word' id='word_1_60' title='bbox 924 1090 1022 1172; x_wconf 86' lang='lat' dir='ltr'>Quan-</span> 
     </span>
     <span class='ocr_line' id='line_1_11' title="bbox 335 1174 1021 1246; baseline -0.007 -9"><span class='ocrx_word' id='word_1_61' title='bbox 335 1191 399 1237; x_wconf 83' lang='lat' dir='ltr'>tutn</span> <span class='ocrx_word' id='word_1_62' title='bbox 416 1174 527 1237; x_wconf 83' lang='lat' dir='ltr'>facinus</span> <span class='ocrx_word' id='word_1_63' title='bbox 545 1176 584 1235; x_wconf 83' lang='lat' dir='ltr'>ad</span> <span class='ocrx_word' id='word_1_64' title='bbox 597 1197 653 1236; x_wconf 86' lang='lat' dir='ltr'>vos</span> <span class='ocrx_word' id='word_1_65' title='bbox 666 1174 797 1235; x_wconf 86' lang='lat' dir='ltr'>delatum</span> <span class='ocrx_word' id='word_1_66' title='bbox 818 1174 878 1246; x_wconf 82' lang='lat' dir='ltr'>sit,</span> <span class='ocrx_word' id='word_1_67' title='bbox 897 1174 1021 1234; x_wconf 83' lang='lat' dir='ltr'>videtis:</span> 
     </span>
     <span class='ocr_line' id='line_1_12' title="bbox 335 1252 1023 1339; baseline -0.001 -23"><span class='ocrx_word' id='word_1_68' title='bbox 335 1257 403 1316; x_wconf 90' lang='lat' dir='ltr'>huic</span> <span class='ocrx_word' id='word_1_69' title='bbox 424 1258 448 1317; x_wconf 86' lang='lat' dir='ltr'>si</span> <span class='ocrx_word' id='word_1_70' title='bbox 463 1277 572 1339; x_wconf 86' lang='lat' dir='ltr'>paucos</span> <span class='ocrx_word' id='word_1_71' title='bbox 614 1256 697 1315; x_wconf 86' lang='lat' dir='ltr'>utatis</span> <span class='ocrx_word' id='word_1_72' title='bbox 716 1253 816 1315; x_wconf 85' lang='lat' dir='ltr'>affines</span> <span class='ocrx_word' id='word_1_73' title='bbox 834 1252 896 1315; x_wconf 78' lang='lat' dir='ltr'>effe</span> <span class='ocrx_word' id='word_1_74' title='bbox 904 1297 918 1325; x_wconf 85' lang='lat'>,</span> <span class='ocrx_word' id='word_1_75' title='bbox 933 1253 1023 1315; x_wconf 83' lang='lat' dir='ltr'>vehe-</span> 
     </span>
     <span class='ocr_line' id='line_1_13' title="bbox 335 1279 1022 1417; baseline -0.004 -19"><span class='ocrx_word' id='word_1_76' title='bbox 335 1353 451 1398; x_wconf 81' lang='lat' dir='ltr'>menter</span> <span class='ocrx_word' id='word_1_77' title='bbox 465 1340 572 1397; x_wconf 86' lang='lat' dir='ltr'>erratis.</span> <span class='ocrx_word' id='word_1_78' title='bbox 592 1279 690 1396; x_wconf 66' lang='lat' dir='ltr'>[atius</span> <span class='ocrx_word' id='word_1_79' title='bbox 705 1336 848 1417; x_wconf 91' lang='lat' dir='ltr'>opinione</span> <span class='ocrx_word' id='word_1_80' title='bbox 859 1332 1022 1395; x_wconf 65' lang='lat' dir='ltr'>diffaman-</span> 
     </span>
     <span class='ocr_line' id='line_1_14' title="bbox 328 1413 1021 1478; baseline -0.004 -1"><span class='ocrx_word' id='word_1_81' title='bbox 328 1434 399 1477; x_wconf 79' lang='lat' dir='ltr'>-tum</span> <span class='ocrx_word' id='word_1_82' title='bbox 418 1414 459 1478; x_wconf 84' lang='lat' dir='ltr'>est</span> <span class='ocrx_word' id='word_1_83' title='bbox 474 1417 531 1476; x_wconf 88' lang='lat' dir='ltr'>hoc</span> <span class='ocrx_word' id='word_1_84' title='bbox 550 1416 678 1475; x_wconf 86' lang='lat' dir='ltr'>malurn:</span> <span class='ocrx_word' id='word_1_85' title='bbox 703 1416 833 1477; x_wconf 80' lang='lat' dir='ltr'>manavit</span> <span class='ocrx_word' id='word_1_86' title='bbox 851 1435 916 1475; x_wconf 86' lang='lat' dir='ltr'>non</span> <span class='ocrx_word' id='word_1_87' title='bbox 932 1413 1021 1475; x_wconf 71' lang='lat' dir='ltr'>solunt</span> 
     </span>
     <span class='ocr_line' id='line_1_15' title="bbox 336 1494 1023 1579; baseline 0.003 -23"><span class='ocrx_word' id='word_1_88' title='bbox 336 1517 390 1579; x_wconf 89' lang='lat' dir='ltr'>per</span> <span class='ocrx_word' id='word_1_89' title='bbox 418 1496 532 1557; x_wconf 83' lang='lat' dir='ltr'>ltaliam</span> <span class='ocrx_word' id='word_1_90' title='bbox 551 1506 569 1567; x_wconf 76' lang='lat'>,³&#39;&#39;</span> <span class='ocrx_word' id='word_1_91' title='bbox 590 1499 694 1557; x_wconf 75' lang='lat' dir='ltr'>verum</span> <span class='ocrx_word' id='word_1_92' title='bbox 716 1499 808 1558; x_wconf 80' lang='lat' dir='ltr'>etiam</span> <span class='ocrx_word' id='word_1_93' title='bbox 833 1494 1023 1558; x_wconf 73' lang='lat' dir='ltr'>transscendit</span> 
     </span>
     <span class='ocr_line' id='line_1_16' title="bbox 336 1573 1021 1658; baseline -0.004 -20"><span class='ocrx_word' id='word_1_94' title='bbox 336 1576 458 1658; x_wconf 73' lang='lat' dir='ltr'>Alpes,</span> <span class='ocrx_word' id='word_1_95' title='bbox 483 1577 516 1639; x_wconf 89' lang='lat'>&amp;</span> <span class='ocrx_word' id='word_1_96' title='bbox 538 1576 657 1637; x_wconf 68' lang='lat' dir='ltr'>obscure</span> <span class='ocrx_word' id='word_1_97' title='bbox 680 1575 819 1657; x_wconf 82' lang='lat' dir='ltr'>serpens,</span> <span class='ocrx_word' id='word_1_98' title='bbox 837 1576 947 1637; x_wconf 84' lang='lat' dir='ltr'>multas</span> <span class='ocrx_word' id='word_1_99' title='bbox 968 1573 1021 1656; x_wconf 73' lang='lat' dir='ltr'>jam</span> 
     </span>
     <span class='ocr_line' id='line_1_17' title="bbox 334 1655 1022 1740; baseline -0.001 -22"><span class='ocrx_word' id='word_1_100' title='bbox 334 1660 501 1740; x_wconf 79' lang='lat' dir='ltr'>provincias</span> <span class='ocrx_word' id='word_1_101' title='bbox 521 1660 695 1740; x_wconf 84' lang='lat' dir='ltr'>occupavit:</span> <span class='ocrx_word' id='word_1_102' title='bbox 714 1658 748 1717; x_wconf 86' lang='lat' dir='ltr'>id</span> <span class='ocrx_word' id='word_1_103' title='bbox 766 1659 896 1739; x_wconf 80' lang='lat' dir='ltr'>opprimi</span> <span class='ocrx_word' id='word_1_104' title='bbox 914 1655 1022 1718; x_wconf 73' lang='lat' dir='ltr'>susten-</span> 
     </span>
     <span class='ocr_line' id='line_1_18' title="bbox 335 1735 1020 1820; baseline -0.006 -21"><span class='ocrx_word' id='word_1_105' title='bbox 335 1738 446 1813; x_wconf 73' lang='lat' dir='ltr'>mido,</span> <span class='ocrx_word' id='word_1_106' title='bbox 457 1760 490 1799; x_wconf 86' lang='lat' dir='ltr'>ac</span> <span class='ocrx_word' id='word_1_107' title='bbox 503 1739 699 1820; x_wconf 86' lang='lat' dir='ltr'>prolatando,</span> <span class='ocrx_word' id='word_1_108' title='bbox 712 1738 794 1799; x_wconf 88' lang='lat' dir='ltr'>nullo</span> <span class='ocrx_word' id='word_1_109' title='bbox 806 1737 896 1820; x_wconf 68' lang='lat' dir='ltr'>padio</span> <span class='ocrx_word' id='word_1_110' title='bbox 907 1735 1020 1819; x_wconf 84' lang='lat' dir='ltr'>potest:</span> 
     </span>
     <span class='ocr_line' id='line_1_19' title="bbox 335 1819 1022 1902; baseline 0.001 -23"><span class='ocrx_word' id='word_1_111' title='bbox 335 1840 519 1902; x_wconf 84' lang='lat' dir='ltr'>quacumque</span> <span class='ocrx_word' id='word_1_112' title='bbox 538 1823 651 1881; x_wconf 85' lang='lat' dir='ltr'>ratione</span> <span class='ocrx_word' id='word_1_113' title='bbox 669 1820 788 1900; x_wconf 83' lang='lat' dir='ltr'>placet,</span> <span class='ocrx_word' id='word_1_114' title='bbox 810 1819 950 1881; x_wconf 71' lang='lat' dir='ltr'>celeriter</span> <span class='ocrx_word' id='word_1_115' title='bbox 969 1839 1022 1883; x_wconf 83' lang='lat' dir='ltr'>vo·</span> 
     </span>
     <span class='ocr_line' id='line_1_20' title="bbox 336 1898 675 1962; baseline -0.006 0"><span class='ocrx_word' id='word_1_116' title='bbox 336 1901 382 1962; x_wconf 77' lang='lat' dir='ltr'>bis</span> <span class='ocrx_word' id='word_1_117' title='bbox 398 1900 605 1961; x_wconf 87' lang='lat' dir='ltr'>vindicandum</span> <span class='ocrx_word' id='word_1_118' title='bbox 623 1898 675 1962; x_wconf 81' lang='lat' dir='ltr'>est.</span> 
     </span>
    </p>

    <p class='ocr_par' dir='ltr' id='par_1_5' title="bbox 330 1977 1022 2790">
     <span class='ocr_line' id='line_1_21' title="bbox 377 1977 1019 2042; baseline -0.003 -1"><span class='ocrx_word' id='word_1_119' title='bbox 377 1980 393 2041; x_wconf 84' lang='lat'>1</span> <span class='ocrx_word' id='word_1_120' title='bbox 399 1981 440 2041; x_wconf 87' lang='lat' dir='ltr'>V.</span> <span class='ocrx_word' id='word_1_121' title='bbox 464 1979 562 2042; x_wconf 88' lang='lat' dir='ltr'>Video</span> <span class='ocrx_word' id='word_1_122' title='bbox 580 1981 649 2042; x_wconf 88' lang='lat' dir='ltr'>duas</span> <span class='ocrx_word' id='word_1_123' title='bbox 665 1980 759 2041; x_wconf 85' lang='lat' dir='ltr'>adhuc</span> <span class='ocrx_word' id='word_1_124' title='bbox 776 1977 834 2041; x_wconf 81' lang='lat' dir='ltr'>ess&#39;e</span> <span class='ocrx_word' id='word_1_125' title='bbox 850 1979 1019 2042; x_wconf 72' lang='lat' dir='ltr'>sententias:</span> 
     </span>
     <span class='ocr_line' id='line_1_22' title="bbox 333 2060 1020 2143; baseline 0 -22"><span class='ocrx_word' id='word_1_126' title='bbox 333 2081 424 2121; x_wconf 83' lang='lat' dir='ltr'>unam</span> <span class='ocrx_word' id='word_1_127' title='bbox 448 2062 490 2121; x_wconf 91' lang='lat' dir='ltr'>D.</span> <span class='ocrx_word' id='word_1_128' title='bbox 510 2062 599 2122; x_wconf 86' lang='lat' dir='ltr'>Silani</span> <span class='ocrx_word' id='word_1_129' title='bbox 619 2107 630 2136; x_wconf 89' lang='lat'>‚</span> <span class='ocrx_word' id='word_1_130' title='bbox 650 2064 699 2142; x_wconf 86' lang='lat' dir='ltr'>qui</span> <span class='ocrx_word' id='word_1_131' title='bbox 722 2060 819 2122; x_wconf 81' lang='lat' dir='ltr'>censet</span> <span class='ocrx_word' id='word_1_132' title='bbox 839 2106 850 2136; x_wconf 87' lang='lat'><strong>,</strong></span> <span class='ocrx_word' id='word_1_133' title='bbox 872 2082 958 2137; x_wconf 88' lang='lat' dir='ltr'>eos,</span> <span class='ocrx_word' id='word_1_134' title='bbox 979 2062 1020 2143; x_wconf 90' lang='lat' dir='ltr'>qui</span> 
     </span>
     <span class='ocr_line' id='line_1_23' title="bbox 333 2140 1022 2217; baseline 0.001 -15"><span class='ocrx_word' id='word_1_135' title='bbox 333 2141 397 2202; x_wconf 70' lang='lat' dir='ltr'>im</span> <span class='ocrx_word' id='word_1_136' title='bbox 416 2142 513 2203; x_wconf 87' lang='lat' dir='ltr'>delere</span> <span class='ocrx_word' id='word_1_137' title='bbox 530 2145 628 2202; x_wconf 82' lang='lat' dir='ltr'>¹conati</span> <span class='ocrx_word' id='word_1_138' title='bbox 643 2142 706 2203; x_wconf 75' lang='lat' dir='ltr'>funt</span> <span class='ocrx_word' id='word_1_139' title='bbox 726 2188 736 2217; x_wconf 90' lang='lat'>‚</span> <span class='ocrx_word' id='word_1_140' title='bbox 754 2158 853 2203; x_wconf 76' lang='lat' dir='ltr'>morte</span> <span class='ocrx_word' id='word_1_141' title='bbox 870 2140 937 2203; x_wconf 48' lang='lat' dir='ltr'>*effe</span> <span class='ocrx_word' id='word_1_142' title='bbox 951 2142 1022 2203; x_wconf 83' lang='lat' dir='ltr'>mul·</span> 
     </span>
     <span class='ocr_line' id='line_1_24' title="bbox 333 2222 1021 2304; baseline 0.001 -22"><span class='ocrx_word' id='word_1_143' title='bbox 333 2222 442 2284; x_wconf 80' lang='lat' dir='ltr'>tandos</span> <span class='ocrx_word' id='word_1_144' title='bbox 461 2245 468 2283; x_wconf 93' lang='lat'>:</span> <span class='ocrx_word' id='word_1_145' title='bbox 488 2224 608 2283; x_wconf 84' lang='lat' dir='ltr'>alteram</span> <span class='ocrx_word' id='word_1_146' title='bbox 627 2222 667 2284; x_wconf 87' lang='lat' dir='ltr'>C.</span> <span class='ocrx_word' id='word_1_147' title='bbox 685 2222 804 2283; x_wconf 85' lang='lat' dir='ltr'>Caesaris</span> <span class='ocrx_word' id='word_1_148' title='bbox 822 2268 832 2297; x_wconf 87' lang='lat'>,</span> <span class='ocrx_word' id='word_1_149' title='bbox 848 2225 902 2304; x_wconf 75' lang='lat' dir='ltr'>qui</span> <span class='ocrx_word' id='word_1_150' title='bbox 924 2224 1021 2283; x_wconf 58' lang='lat' dir='ltr'>mord</span> 
     </span>
     <span class='ocr_line' id='line_1_25' title="bbox 335 2303 1021 2386; baseline 0.001 -23"><span class='ocrx_word' id='word_1_151' title='bbox 335 2323 458 2383; x_wconf 77' lang='lat' dir='ltr'>poenam</span> <span class='ocrx_word' id='word_1_152' title='bbox 469 2321 626 2378; x_wconf 80' lang='lat' dir='ltr'>removet,</span> <span class='ocrx_word' id='word_1_153' title='bbox 638 2322 803 2365; x_wconf 81' lang='lat' dir='ltr'>ceterorum</span> <span class='ocrx_word' id='word_1_154' title='bbox 815 2303 1021 2386; x_wconf 69' lang='lat' dir='ltr'>suppiicionrm</span> 
     </span>
     <span class='ocr_line' id='line_1_26' title="bbox 330 2385 1020 2468; baseline 0.004 -25"><span class='ocrx_word' id='word_1_155' title='bbox 330 2404 440 2445; x_wconf 82' lang='lat' dir='ltr'>omnes</span> <span class='ocrx_word' id='word_1_156' title='bbox 468 2386 639 2446; x_wconf 84' lang='lat' dir='ltr'>acerbitates</span> <span class='ocrx_word' id='word_1_157' title='bbox 668 2385 858 2465; x_wconf 67' lang='lat' dir='ltr'>arnpieditur.</span> <span class='ocrx_word' id='word_1_158' title='bbox 887 2386 1020 2468; x_wconf 77' lang='lat' dir='ltr'>Uterque</span> 
     </span>
     <span class='ocr_line' id='line_1_27' title="bbox 331 2463 1021 2548; baseline 0.003 -25"><span class='ocrx_word' id='word_1_159' title='bbox 331 2463 371 2523; x_wconf 72' lang='lat' dir='ltr'>dt</span> <span class='ocrx_word' id='word_1_160' title='bbox 387 2485 442 2545; x_wconf 90' lang='lat' dir='ltr'>pro</span> <span class='ocrx_word' id='word_1_161' title='bbox 458 2465 507 2526; x_wconf 86' lang='lat' dir='ltr'>sua</span> <span class='ocrx_word' id='word_1_162' title='bbox 525 2468 688 2548; x_wconf 84' lang='lat' dir='ltr'>dignitate,</span> <span class='ocrx_word' id='word_1_163' title='bbox 706 2469 737 2527; x_wconf 77' lang='grc' dir='ltr'>δι</span> <span class='ocrx_word' id='word_1_164' title='bbox 755 2488 811 2547; x_wconf 87' lang='lat' dir='ltr'>pro</span> <span class='ocrx_word' id='word_1_165' title='bbox 832 2488 937 2528; x_wconf 87' lang='lat' dir='ltr'>rerum</span> <span class='ocrx_word' id='word_1_166' title='bbox 960 2488 1021 2526; x_wconf 76' lang='lat' dir='ltr'>aaa·</span> 
     </span>
     <span class='ocr_line' id='line_1_28' title="bbox 333 2545 1021 2627; baseline 0.004 -24"><span class='ocrx_word' id='word_1_167' title='bbox 333 2545 484 2627; x_wconf 85' lang='lat' dir='ltr'>gnitudine</span> <span class='ocrx_word' id='word_1_168' title='bbox 510 2549 542 2606; x_wconf 90' lang='lat' dir='ltr'>in</span> <span class='ocrx_word' id='word_1_169' title='bbox 568 2547 677 2607; x_wconf 83' lang='lat' dir='ltr'>summa</span> <span class='ocrx_word' id='word_1_170' title='bbox 703 2547 858 2609; x_wconf 75' lang='lat' dir='ltr'>severitate</span> <span class='ocrx_word' id='word_1_171' title='bbox 883 2547 1021 2609; x_wconf 83' lang='lat' dir='ltr'>versattu.</span> 
     </span>
     <span class='ocr_line' id='line_1_29' title="bbox 334 2624 1020 2711; baseline 0.001 -26"><span class='ocrx_word' id='word_1_172' title='bbox 334 2624 505 2700; x_wconf 70' lang='lat' dir='ltr'>Alteram,</span> <span class='ocrx_word' id='word_1_173' title='bbox 525 2629 641 2709; x_wconf 90' lang='lat' dir='ltr'>quinos</span> <span class='ocrx_word' id='word_1_174' title='bbox 661 2649 785 2703; x_wconf 85' lang='lat' dir='ltr'>omnes,</span> <span class='ocrx_word' id='word_1_175' title='bbox 808 2631 857 2709; x_wconf 88' lang='lat' dir='ltr'>qui</span> <span class='ocrx_word' id='word_1_176' title='bbox 877 2630 1020 2711; x_wconf 88' lang='lat' dir='ltr'>populum</span> 
     </span>
     <span class='ocr_line' id='line_1_30' title="bbox 335 2704 1021 2790; baseline 0.003 -23"><span class='ocrx_word' id='word_1_177' title='bbox 335 2704 503 2768; x_wconf 71' lang='lat' dir='ltr'>Romamn</span> <span class='ocrx_word' id='word_1_178' title='bbox 523 2707 584 2770; x_wconf 70' lang='lat' dir='ltr'>viti</span> <span class='ocrx_word' id='word_1_179' title='bbox 608 2712 723 2789; x_wconf 85' lang='lat' dir='ltr'>privare</span> <span class='ocrx_word' id='word_1_180' title='bbox 741 2712 841 2770; x_wconf 89' lang='lat' dir='ltr'>conati</span> <span class='ocrx_word' id='word_1_181' title='bbox 858 2707 927 2769; x_wconf 86' lang='lat' dir='ltr'>sunt</span> <span class='ocrx_word' id='word_1_182' title='bbox 946 2756 956 2785; x_wconf 89' lang='lat'>‚</span> <span class='ocrx_word' id='word_1_183' title='bbox 976 2710 1021 2790; x_wconf 87' lang='lat' dir='ltr'>qui</span> 
     </span>
    </p>
   </div>
   <div class='ocr_carea' id='block_1_5' title="bbox 332 2787 1022 2874">
    <p class='ocr_par' dir='ltr' id='par_1_6' title="bbox 332 2787 1022 2874">
     <span class='ocr_line' id='line_1_31' title="bbox 332 2787 1022 2874; baseline 0.009 -25"><span class='ocrx_word' id='word_1_184' title='bbox 332 2787 434 2853; x_wconf 73' lang='lat' dir='ltr'>delere</span> <span class='ocrx_word' id='word_1_185' title='bbox 446 2791 620 2873; x_wconf 78' lang='lat' dir='ltr'>imperium,</span> <span class='ocrx_word' id='word_1_186' title='bbox 638 2793 687 2872; x_wconf 81' lang='lat' dir='ltr'>qui</span> <span class='ocrx_word' id='word_1_187' title='bbox 695 2790 802 2874; x_wconf 80' lang='lat' dir='ltr'>populi</span> <span class='ocrx_word' id='word_1_188' title='bbox 814 2789 951 2862; x_wconf 83' lang='lat' dir='ltr'>Rotnani</span> <span class='ocrx_word' id='word_1_189' title='bbox 964 2812 1022 2862; x_wconf 61' lang='lat' dir='ltr'>noe</span> 
     </span>
    </p>
   </div>
   <div class='ocr_carea' id='block_1_6' title="bbox 0 0 1314 4209">
    <p class='ocr_par' dir='ltr' id='par_1_7' title="bbox 0 0 1314 4209">
     <span class='ocr_line' id='line_1_32' title="bbox 0 0 1314 4209; baseline 0 0"><span class='ocrx_word' id='word_1_190' title='bbox 0 0 1314 4209; x_wconf 95' lang='lat' dir='ltr'> </span> 
     </span>
    </p>
   </div>
  </div>
 </body>
</html>
