2617 4209
362 263 441 349 ‘152
540 251 770 329 ormo
803 242 865 319 ΙῙ.

364 369 414 430 Ne
439 369 497 428 hoc
521 366 638 448 quidem
658 364 763 438 vidit,
786 361 920 442 majores
944 361 1060 427 nostros

364 467 426 511 tam
445 446 524 508 fuiffe
544 446 727 529 populares,
746 462 799 519 ut,
820 443 905 526 quod
926 465 984 526 per
1008 468 1062 527 po·
1098 511 1101 528 ἰ

365 530 467 613 pulum
491 529 583 589 creari
607 526 650 587 fas
675 547 736 587 non
757 540 819 587 erat
840 541 974 607 propter
996 528 1062 587 reli⁴

367 613 487 696 gionem
505 607 649 681 sacrorum
663 649 674 681 ,
689 609 719 667 in
738 626 775 668 eo
790 623 918 679 tamen,
938 623 1062 689 propter

366 689 588 772 amplitudinem
604 687 776 761 sacerdotii,
792 685 951 748 voluerint
969 708 1063 770 ρορο·

366 772 398 833 lo
418 770 448 832 su
471 770 586 851 plicari:
606 786 636 829 at
658 789 694 828 ue
715 768 774 827 hoe
792 768 873 829 idem
894 766 936 829 de
960 771 1061 830 ceteris

367 793 533 915 sacerdotiis
556 848 614 911 Cn.
634 790 812 923 ssomitiuffi
835 846 978 909 tribunus
1000 849 1062 931 ple·

368 933 436 1009 bis,
453 935 498 992 vir
517 931 707 1003 clarissimus,
724 928 788 988 tulit
803 950 813 1002 ;
830 927 916 1009 qubd
938 929 1062 1011 populns

369 1034 424 1097 pet
449 1012 622 1095 religionem
648 1009 807 1071 sacerdotia
830 1009 982 1071 mandare
1007 1031 1062 1071 non

369 1111 488 1176 poterat
512 1140 522 1167 ‚
544 1111 576 1152 ut
597 1093 693 1151 minor
712 1105 777 1172 pars
805 1091 914 1170 populi
931 1111 1063 1169 yocare·

370 1192 444 1236 tur:
466 1174 502 1233 ab
525 1194 561 1234 ea
582 1189 664 1251 parte
686 1173 735 1252 qui
756 1166 827 1231 effer
849 1169 949 1232 fastus
967 1217 982 1245 ,
1005 1175 1029 1233 is

371 1254 500 1336 collegio
515 1268 710 1333 cooptaretur.
1019 1273 1025 1284 ’

417 1352 463 1412 ι9.
479 1333 611 1402 Videte,
626 1332 694 1412 quid
708 1334 818 1392 intersit
828 1334 908 1393 inter
924 1331 988 1395 Cn.
1007 1331 1065 1394 De

372 1415 506 1487 mitium,
523 1413 670 1473 tribunum
710 1413 810 1486 lehis,
830 1414 993 1477 hominem
1012 1437 1065 1476 no·

372 1496 543 1557 bilissimum
555 1536 571 1570 ‚›
585 1495 618 1554 ὃ(
636 1493 667 1554 P.
686 1435 804 1553 Rullum
819 1537 829 1565 ‚
846 1496 898 1575 qui
922 1499 1065 1569 tentavit,

373 1592 406 1638 ut
425 1578 532 1655 opinor
542 1576 738 1716 ,flpatientiam
756 1569 906 1649 vestram,
926 1598 1023 1659 quum
1042 1575 1067 1637 se

575 1678 592 1719 e

375 1658 508 1719 nobilem
536 1678 551 1717 e
620 1657 738 1717 dicerer.
771 1653 961 1733 Domitius,
991 1654 1067 1741 quod

375 1759 430 1821 per
448 1740 635 1799 caeremonias
652 1759 692 1819 po
714 1736 753 1796 uli
770 1732 831 1795 fieri
846 1758 910 1797 non
930 1755 1068 1820 poterat,

375 1822 490 1882 serione
511 1817 650 1880 assecutus
670 1760 734 1893 ed,
752 1816 855 1890 mid,
876 1819 987 1899 quoad
1008 1815 1069 1902 pos·

376 1898 441 1972 set,
460 1900 557 1981 quoad
575 1899 617 1958 fas
635 1897 724 1972 esset,
745 1895 842 1979 quoad
861 1898 1000 1972 liceret,
1019 1921 1069 1983 po

376 1980 437 2061 puli
458 1981 495 2039 ad
518 1996 613 2059 partes
634 1978 743 2039 daret:
767 1979 833 2051 hic,
877 1981 944 2041 uod
970 1979 1069 2064 populi

377 2061 529 2143 proprium
555 2058 668 2139 semper
688 2058 740 2117 fuit
760 2104 770 2130 ,
793 2000 875 2140 quod
900 2082 1000 2123 nemo
1022 2066 1071 2123 im·

378 2141 506 2213 minuit,
528 2159 616 2199 nemo
640 2142 832 2212 immutavit,
857 2143 930 2221 quin
954 2144 977 2202 ii
1000 2141 1072 2225 ‚qui

378 2222 492 2303 populo
511 2241 597 2303 agros
613 2218 703 2280 essent
718 2222 771 2278 assi
792 2223 886 2280 naturi
905 2267 915 2297 ‚
935 2226 1011 2285 ante
1029 2244 1072 2284 ac·

379 2302 508 2380 ciperem
527 2324 542 2360 a
560 2301 673 2381 populo
692 2241 885 2375 henedcium,
909 2303 1006 2385 qudm
1029 2304 1073 2365 da·

379 2399 474 2453 rent,
498 2380 526 2439 id
551 2397 644 2440 totum
672 2385 784 2463 eripere
806 2383 916 2455 vobis,
942 2401 973 2444 at
998 2404 1073 2447 uee

380 2463 514 2522 manibus
540 2480 716 2544 extorquere
744 2481 864 2523 conatus
893 2462 948 2524 est.
975 2408 1074 2541 dne,

382 2543 462 2625 quod
486 2542 545 2602 dari
567 2543 679 2625 populo
704 2544 783 2602 nullo
807 2544 899 2605 modo
924 2565 1074 2627 poterat,

382 2640 482 2685 tamen
510 2625 731 2704 quodammodo
752 2624 832 2685 dedit
859 2648 865 2683 :
891 2626 968 2702 hic,
996 2629 1075 2711 quod

382 2705 471 2768 adimi
488 2705 566 2765 nullo
584 2705 669 2787 padio
684 2722 798 2785 poterat
814 2706 987 2789 potestate,
1007 2733 1076 2797 que·

383 2784 452 2847 dam
468 2788 580 2851 ratione
599 2789 712 2871 eripere
730 2806 862 2851 conatur.
