2617 4209
407 388 509 456 Pno
534 386 580 454 A.
611 385 890 492 Cannutio.
940 379 990 477 '65

309 500 437 578 dubito,
453 505 522 586 q'uin
541 504 561 563 ii
581 501 653 564 tales
675 504 748 576 viri,
765 499 924 582 suspicione
945 498 997 558 ali·

311 584 369 667 qud
386 584 510 666 perculsi
529 582 683 665 repentini
695 628 705 659 ,
717 582 766 644 de
781 579 853 642 statu
868 580 919 641 suo
943 578 997 639 de*

311 666 452 726 clinarint.
472 664 574 745 Quare
590 674 693 726 eorum
707 707 717 738 ,
733 663 782 746 qui
792 661 997 733 absolverunt,

310 745 535 807 misericordiam
550 766 612 806 non
635 743 820 826 reprehendo
842 764 849 803 :
871 761 997 813 eorum,

351 828 360 887 i
378 828 407 887 in
429 824 585 905 judicando
610 824 758 907 superiora
777 821 884 905 judicia
907 821 998 883 secuti

308 845 373 967 lint
389 906 438 967 sul
446 907 549 989 sponte
563 952 573 982 ,
585 916 647 967 non
659 904 768 969 Staieni
786 904 887 965 fraude
895 939 907 974 ,-
926 923 998 963 con*

309 985 441 1048 stantiam
453 985 618 1069 comprobo
635 1006 758 1047 :eorum
767 988 861 1060 veto,
879 985 929 1067 qui
942 983 997 1043 sibi

309 1090 373 1130 non
391 1069 411 1128 li
453 1088 502 1130 ete
520 1069 672 1141 dixerunt,
690 1064 858 1148 sapientiam
878 1063 966 1125 laudo
986 1077 996 1123 z

312 1150 363 1230 qui
377 1089 528 1208 absdlvere
547 1167 635 1220 eurn,
655 1166 744 1227 quem
760 1147 998 1207 nocentissimum

312 1243 498 1310 cognorant,
520 1227 552 1288 &
577 1240 666 1309 quern
686 1228 741 1308 ipsi
763 1226 807 1287 bis
831 1224 890 1307 jatn
913 1241 999 1287 antea

311 1308 573 1381 condemnarant,
604 1306 685 1367 nullo
712 1306 806 1368 modo
834 1315 1001 1388 poterant}

313 1389 530 1462 condemnate,
544 1409 634 1471 quum
645 1403 726 1448 tanta
739 1388 854 1448 consilii
861 1386 976 1447 infamia
987 1423 1000 1461 ,

314 1472 348 1532 &
371 1487 430 1530 tarn
448 1472 554 1531 atrocis
574 1472 616 1529 rei
635 1467 685 1527 sus'
698 1470 755 1529 icio
776 1467 846 1530 eslet
862 1464 968 1550 injedla
986 1464 1018 1540 ς’

312 1552 401 1635 pauli>
415 1549 555 1632 posterius
574 1491 717 1630 patesadld
734 1569 784 1624 re,
805 1550 980 1611 maluerunt.

360 1647 428 1706 107.
441 1632 487 1691 Ac
505 1649 542 1691 ne
558 1649 594 1689 ex
605 1628 683 1690 fado
698 1628 792 1690 solunt
809 1629 950 1711 sapientes
962 1628 1001 1689 il*

315 1710 362 1772 los
375 1708 506 1792 judicetis
520 1754 530 1782 ,
546 1707 595 1769 sed
612 1712 700 1769 etiarn
719 1730 755 1771 ex
773 1710 939 1772 hominibus
952 1712 1003 1791 ip-

317 1795 355 1853 sis
367 1836 380 1865 ,
393 1791 472 1873 quod
483 1793 501 1850 ii
513 1789 653 1862 fecerint,
673 1788 827 1849 rediissitne
843 1813 875 1850 ac
888 1790 914 1849 sa
937 1792 1003 1850 ien-

315 1874 426 1933 tissime
444 1871 550 1932 fadum
568 1870 698 1951 probetis
715 1892 724 1944 ;
742 1872 804 1952 quis
823 1868 855 1931 P.
873 1813 1002 1932 Ollavio

314 1952 413 2014 ¹Balbo
431 1954 551 2035 ingenio
570 1950 766 2031 prudentior,
781 1948 843 2028 jure
862 1954 1004 2030 peritior,

317 2031 377 2094 fide
393 2078 403 2106 ,
419 2034 582 2114 religione,
610 2028 708 2089 officio
734 2029 924 2112 diligentior,
955 2045 1004 2091 aut

318 2112 440 2175 sandior
453 2110 678 2172 commemorari
697 2109 820 2192 potest?
838 2109 1004 2172 nonabsol·

265 2213 268 2217 ·
312 2197 370 2254 xit.
387 2192 464 2273 Quis
487 2191 530 2273 Q.
550 2189 694 2252 Considio
715 2190 891 2253 constantior
909 2191 921 2253 ?
938 2193 1003 2275 quit

316 2273 513 2367 judiciorum,
530 2288 617 2354 atque
636 2269 698 2351 ejus
712 2273 877 2355 dignitatis,
896 2295 960 2355 quae
971 2275 1004 2334 in

317 2357 431 2438 judiciis
451 2355 571 2437 publicis
591 2352 699 2413 versari
722 2353 830 2427 debet,
852 2351 1005 2435 peritioni
1080 2409 1099 2430 ,.

313 2440 382 2519 quis
390 2439 519 2509 virtute,
537 2433 660 2494 consilio
673 2478 682 2506 ,
693 2432 860 2495 aucloritate
870 2431 1008 2515 prestan-

319 2521 376 2578 tior
395 2517 406 2577 ἓ
426 2536 463 2576 ne
481 2517 504 2575 is
521 2514 640 2595 quidem
658 2512 791 2577 absolvit.
810 2513 945 2600 Longum
960 2509 1005 2584 est

320 2598 360 2658 de
381 2597 558 2679 singulorum
580 2597 688 2655 virtute
711 2596 751 2656 ita
773 2595 870 2658 dicere
889 2616 896 2655 ε
915 2607 981 2680 qno
1018 2641 1022 2646 -

324 2679 391 2757 quia
412 2680 527 2761 cognita
542 2674 604 2735 sunt
617 2677 654 2734 ab
676 2676 831 2750 otnnibus,
845 2676 941 2740 verbo
966 2685 974 2690 '
1006 2667 1018 2678 '¹

323 2773 494 2816 'ornamenta
505 2779 564 2816 non
575 2774 715 2836 quarunt.
726 2750 830 2836 Qualis
842 2753 972 2818 vir·M.'=J
1005 2807 1013 2814 ..

319 2837 440 2896 ventius
456 2836 537 2895 Pedo
557 2836 609 2895 fuit
629 2857 665 2896 ex
687 2857 789 2898 vetere
806 2838 854 2895 illa
877 2835 1006 2914 indidit!

323 2913 495 2998 disciplina?
511 2917 601 2997 qualis
612 2916 646 2981 L.
666 2915 783 2980 Caulius
803 2917 923 3001 Mergus
935 2909 1007 2984 llll
