2617 4209
406 735 503 809 Pno
529 738 575 807 A.
602 737 870 807 Crvrnrro.
911 756 981 831 τις

307 848 481 994 potestatem
496 851 659 922 indicandi,
669 849 846 915 incolumem
860 852 989 934 denique

288 999 290 1003 ,
321 954 421 994 errare
438 931 583 1013 quaestioni
603 975 612 1005 ‚
631 931 745 992 servare
761 933 804 993 his
821 931 986 1011 judicibus,

312 1014 426 1075 servare
442 1014 508 1072 huic
521 1015 649 1092 tempori
666 1011 797 1072 debuisti.
817 1012 896 1073 Nam
907 1011 991 1071 Stra-

309 1111 410 1155 tonem
461 1094 557 1165 idem,
570 1091 706 1164 Iudices,
719 1093 748 1150 in
760 1111 875 1153 crucem
893 1092 990 1152 aiium

307 1173 365 1236 effe
387 1195 405 1235 e
435 1174 497 1235 etta
519 1171 622 1234 scitote
639 1171 736 1253 lingui
757 1194 767 1247 ;
832 1174 872 1234 od
899 1193 990 1233 nemo

309 1254 351 1316 est
369 1254 563 1327 Larinatium,
625 1251 767 1313 inesciat.
827 1256 909 1313 imuit
925 1273 991 1314 mu·

307 1335 360 1397 liet
383 1356 483 1397 amens
500 1356 561 1394 non
596 1354 664 1393 uam
682 1333 908 1407 conscientiam,
928 1355 990 1394 non

307 1416 410 1477 odium
424 1418 602 1495 municipum
614 1458 624 1488 ,
636 1434 698 1472 non
711 1411 819 1472 famam
835 1416 965 1475 omnium
980 1434 992 1487 ;

306 1496 384 1568 sed,
444 1497 486 1554 asi
504 1514 564 1553 non
581 1511 686 1553 omnes
702 1490 764 1569 ejus
775 1492 888 1554 sceleris
903 1492 991 1553 testes

308 1574 397 1636 essent
437 1574 558 1647 urri,sic
567 1573 738 1645 metuit,ne
748 1573 994 1634 condemnaretur

311 1657 442 1716 extremi
461 1654 564 1715 servuli
583 1672 660 1714 voce
678 1656 838 1714 morientis.

352 1735 419 1797 188.
444 1734 538 1814 Quod
559 1734 616 1795 lroc
643 1751 844 1814 portentum,
869 1734 908 1794 dii
933 1734 993 1793 im-

307 1814 466 1877 mortales?
485 1814 565 1896 quod
580 1832 693 1874 tantum
708 1814 868 1875 monllmm
883 1818 912 1874 in
925 1814 990 1874 ullis

307 1896 378 1956 locis
398 1896 410 1956 i
433 1896 515 1975 quod
538 1913 597 1953 tarn
617 1892 748 1955 infestum
772 1895 862 1956 scelus
882 1896 914 1955 &
934 1897 994 1953 im·

308 1996 426 2047 mane,
448 1991 496 2033 aut
521 1976 598 2033 unde
626 1991 726 2032 natum
752 1974 809 2035 elle
836 1974 992 2037 dicamus!

308 2055 373 2117 Jam
393 2056 471 2115 enim
487 2053 591 2116 videtis
610 2052 764 2133 profesto,
783 2054 898 2115 Judices
908 2073 993 2126 ‚non

309 2137 371 2196 sine
401 2131 560 2194 neceffariis
579 2152 649 2205 me,
672 2153 706 2191 ac
728 2136 859 2192 maximis
882 2136 993 2205 causis,

307 2217 449 2297 principio
468 2215 606 2274 orationis
625 2232 699 2272 meae
716 2211 753 2272 de
771 2228 864 2273 matre
877 2208 992 2272 dixisse:

307 2296 378 2355 nihil
401 2292 442 2354 est
463 2296 542 2353 enim
563 2292 651 2363 mali,
672 2291 741 2350 nihil
757 2290 891 2363 sceleris,
912 2289 995 2372 quod

308 2375 358 2434 illa
379 2395 441 2434 non
463 2374 499 2431 ab
516 2373 600 2432 initio
617 2369 679 2430 filio
701 2370 849 2444 voluerit,
866 2388 995 2453 optave-

308 2457 376 2527 rit,
402 2454 601 2592 copitaverit‚
630 2448 770 2512 effecerit.
796 2452 888 2513 Mitto
914 2451 994 2513 illam

308 2537 434 2617 primam
461 2533 572 2592 ibidinis
590 2530 722 2608 injuriam
740 2553 748 2591 τ
767 2536 853 2594 mitto
869 2531 994 2594 nefarias

308 2618 409 2698 generi
436 2616 576 2694 nuptias:
601 2616 687 2673 mitto
712 2615 869 2694 cupiditate
895 2614 994 2672 matria

309 2695 454 2777 expulsam
472 2716 508 2754 er
518 2696 705 2754 matrimonio
715 2692 898 2775 filiam3quae
919 2712 995 2752 non·

308 2776 380 2836 dum
399 2776 436 2836 ad
453 2773 570 2852 hujusce
591 2776 659 2833 vitae
678 2775 860 2853 periculum,
883 2771 933 2833 sed
954 2769 994 2833 ad

310 2876 467 2915 commune
490 2854 605 2915 familiae
630 2855 757 2914 dedecus
782 2855 966 2951 pertinebant
983 2873 997 2914 t
1006 2825 1114 3047 Γ

311 2935 381 2994 nihil
399 2936 436 2997 de
454 2936 549 2996 alteris
569 2934 725 3015 Oppianici
742 2939 847 3017 nuptiis
865 2951 993 3017 querort
1015 2943 1019 2950 '

312 3034 432 3095 quarum
458 3015 504 3074 illa
532 3036 620 3095 quum
645 3016 763 3077 obsides
788 3015 862 3076 filios
889 3013 925 3073 ab
951 3031 1007 3096 eo¹

292 3095 295 3101 ’
311 3111 446 3154 mortuos
463 3094 611 3174 accepillet
625 3142 635 3166 ,
650 3114 712 3155 tum
729 3098 853 3177 denique
871 3098 900 3154 in
910 3091 1005 3151 fami&

311 3176 357 3236 liae
377 3173 483 3232 lucium
503 3217 512 3244 ‚
540 3192 622 3254 atque
644 3179 674 3233 in
693 3181 890 3257 privignorum
909 3141 1004 3229 funna'l

311 3256 419 3339 nupsit.
449 3252 620 3328 Praetereo,
648 3256 728 3335 quod
752 3257 877 3315 Aurium
903 3247 1006 3310 Meli*
