2617 4209
379 595 465 695 480
612 592 827 661 Onarro

426 707 502 776 XX.
512 704 646 766 Fundurn
662 703 689 765 C
714 724 819 764 maeum
836 701 943 762 Romae
963 713 1073 764 merce*

383 806 433 851 rus
447 788 488 850 est
503 787 540 849 de
554 786 667 866 pupillo
721 784 866 855 eculonio.
884 781 990 863 Quum
1007 804 1074 853 ver·

383 869 430 932 bis
450 868 479 930 se
499 868 678 947 locupietem
697 863 833 939 faceret,
856 863 981 933 haberet
1004 863 1072 925 nihil

383 968 491 1032 praerer
507 947 584 1006 illam
599 944 830 1025 impudentiam,
846 964 935 1024 quam
948 944 1073 1018 videtis,

383 1031 541 1117 pecuniam
560 1026 620 1087 sum
643 1027 679 1084 sir
695 1042 825 1085 mutuam
843 1046 860 1084 a
877 1023 946 1084 Sex.
967 1023 1072 1098 stola,

384 1109 485 1187 judice
501 1109 558 1166 hoc
574 1047 672 1166 nodio
684 1149 695 1178 ‚
709 1107 846 1184 primario
864 1107 930 1166 viro
945 1148 955 1177 ‚
973 1106 1024 1185 qui
1041 1105 1072 1170 &

384 1207 450 1247 rem
472 1185 628 1268 agnoscit,
650 1205 688 1247 ne
711 1205 747 1252 ue
766 1185 917 1256 hominem
934 1186 1051 1266 ignorat
1061 1205 1071 1257 ς

383 1269 436 1346 qui
445 1283 549 1333 ¹tamen
566 1206 739 1327 crediditti'.
754 1265 850 1326 Fulvii
864 1264 981 1333 Veratii
993 1310 1003 1337 ,
1015 1262 1073 1326 lee-

374 1349 487 1417 sissimi
509 1336 731 1423 homiuis,s1de
746 1349 907 1427 :eiquum
924 1344 1071 1418 solveret)

381 1424 504 1506 sumpsit
521 1448 538 1486 a
555 1423 594 1487 C.
611 1427 644 1486 &
659 1424 706 1486 Μ.
723 1425 809 1486 Fufiis
818 1470 830 1500 ,
848 1425 995 1506 equitibus
1009 1425 1072 1485 Ro·

385 1509 497 1579 manis,
508 1507 648 1586 primariis
660 1507 738 1566 viris.
746 1507 808 1583 Hic
816 1505 936 1579 hercule
948 1549 959 1576 ‚
972 1507 1069 1566 corui-

381 1587 414 1650 ,εἰ
430 1586 567 1659 oculum,
579 1604 611 1654 ut
625 1586 728 1645 dicitur
739 1607 745 1644 :
756 1607 825 1648 nam
840 1584 919 1654 hunc
933 1585 1069 1667 Hermip-

381 1687 479 1746 pum,
496 1666 647 1726 hominem
669 1665 834 1740 eruditum,
853 1669 950 1728 civem
967 1665 1067 1741 suum,

380 1748 431 1821 eui
457 1744 583 1819 debebat
612 1743 670 1806 esse
694 1747 885 1821 notissimus,-
905 1748 1068 1827 percussit;

381 1823 449 1890 ,e'us
464 1828 546 1901 enim
566 1823 625 1887 fide
648 1824 767 1907 sumpsit
787 1850 805 1887 a
827 1825 927 1888 Fufiis.
947 1825 1069 1889 Securui

375 1848 488 1985 Lliermi
511 1927 564 1987 pus
582 1903 732 1971 Temnum
751 1904 959 1987 proficiscitur,
1021 1927 1067 1968 um

386 1988 394 2000 '
420 1985 468 2048 es
493 1988 694 2067 epecuuiam,
709 2007 796 2068 quam
810 1985 895 2067 hujus
905 1986 965 2048 fide
989 2008 1069 2069 ump-

376 2064 479 2147 ⁸serat,
498 2088 515 2125 a
537 2065 678 2147 discipulis
694 2064 748 2125 suis
765 2067 874 2128 diceret
892 2065 982 2144 Fufiis,
1001 2088 1068 2149 per·
1106 2138 1108 2147 Ι

374 2145 560 2223 soluturum:
572 2146 698 2206 habebat
711 2150 789 2207 enim
803 2146 918 2221 Rheror
929 2146 981 2209 iste
997 2149 1067 2209 ado.-

383 2227 525 2289 iescentes
540 2226 680 2308 quosdam
695 2227 858 2308 locupletes
869 2273 879 2302 ‚
890 2249 967 2309 quos
986 2228 1065 2290 dimi·

381 2307 436 2371 dio
455 2307 591 2367 redderet
607 2306 774 2382 stultiores,
792 2307 880 2390 quim
897 2327 1063 2390 acceperat,

384 2389 434 2448 ubi
450 2387 519 2447 nihil
533 2385 647 2467 possent
665 2386 793 2462 discere,
809 2392 861 2449 nisi
876 2390 1061 2472 ignorantiam

382 2467 553 2543 litterarum.
1104 2472 1108 2537 l

424 2569 475 2626 47.
496 2547 655 2609 Neminem
680 2548 797 2628 quidem
824 2549 901 2611 adeo
927 2551 1062 2621 infatuare
1102 2546 1106 2603 Ι

406 2630 508 2702 otuit,
536 2646 567 2687 ut
588 2631 616 2688 ei
637 2649 787 2689 nummum
810 2631 900 2691 ullum
925 2632 1061 2694 crederet.

382 2647 486 2786 itaque
499 2752 508 2779 ‚
523 2729 612 2787 quum
625 2707 722 2767 Romi
734 2711 807 2786 clam
819 2708 890 2770 effer
900 2711 1061 2792 prosedas,

381 2785 545 2866 multosque
565 2789 680 2846 minutis
703 2790 930 2853 mutuationibus
949 2791 1062 2853 frauda-

381 2864 485 2934 visset3
503 2869 533 2923 in
543 2864 644 2925 Asiam
657 2869 755 2939 venir,
769 2868 997 2955 Hermippoque
1007 2892 1063 2954 per·

377 2942 524 3010 enudanti
548 2944 585 3006 de
607 2948 725 3006 nomine
745 2947 867 3011 Fufiano
887 2952 1063 3034 respondet,

394 3041 412 3091 3
425 3028 714 3113 Quem-pecuniam
726 3028 811 3092 Fufiis
828 3024 1064 3110 persolvisseln·

248 3020 485 3287 ἡ)
501 3126 600 3199 Reque
615 3109 656 3170 ita
674 3108 763 3199 longo
781 3111 961 3198 intervalli),
979 3113 1064 3197 ἥβῃ.
