2617 4209
367 752 464 821 Pno
488 750 535 821 A.
561 750 833 823 Caunum.
890 771 935 822 11

256 864 354 940 dum,
370 885 458 947 quam
473 881 513 925 ut·
531 864 581 925 illd
604 883 697 926 matre
718 885 756 926 ne
784 881 915 927 uteretur
934 884 943 924 ε

256 967 297 1007 ne
313 991 322 1019 ‚
341 967 427 1029 quam
445 946 548 1008 videre
567 947 629 1007 sine
646 944 761 1008 summo
778 947 867 1006 animi
886 946 946 1007 do·

256 1027 322 1088 lore
341 1049 402 1087 non
421 1042 564 1109 poterat,
584 1026 620 1087 ed
637 1029 660 1087 si
680 1044 773 1089 matre
789 1043 946 1102 uteretur,

256 1128 319 1168 non
336 1106 428 1169 solum
443 1108 567 1182 videte,
581 1105 733 1171 sedetiam
749 1109 876 1190 probare
892 1107 945 1171 suo

256 1186 367 1270 judicio
388 1206 546 1272 putaretur.
811 1208 814 1214 ·

305 1289 349 1346 ¹7·
367 1269 485 1331 Initium
502 1268 584 1352 quod
601 1269 749 1331 huic·cum
767 1287 859 1330 matre
878 1268 947 1332 fue·

257 1351 295 1410 rit
313 1352 483 1425 simultatis,
501 1348 634 1411 audistis:
652 1349 816 1433 pertinuisse
832 1349 889 1411 hoc
907 1350 947 1412 ad
1032 1375 1035 1380 ·

257 1431 394 1508 causam,
414 1450 508 1506 tunc,
527 1453 617 1515 quum
634 1432 745 1514 reliqua
763 1433 947 1513 cognoveri-

257 1515 316 1586 tis,
336 1513 426 1573 intelli
448 1517 521 1573 etis:
545 1534 613 1572 nam
627 1512 698 1573 illud
716 1533 765 1573 me
787 1533 848 1573 non
869 1533 948 1594 prae·

258 1596 349 1664 terit,
363 1534 647 1674 cujulmodicumque
664 1611 756 1654 mater
772 1596 828 1668 sit,
845 1611 947 1654 tamen

258 1676 289 1733 in
308 1671 417 1753 judicio
432 1673 482 1735 filii
498 1674 535 1733 de
549 1674 728 1754 turpitudine
742 1676 870 1755 parentis
890 1674 948 1735 dici

258 1758 308 1814 vix
327 1772 492 1836 oportere:
513 1775 575 1814 non
594 1752 683 1815 effem
705 1755 743 1814 ad
763 1755 852 1815 ullam
873 1775 947 1815 cau·

258 1835 317 1896 sam
338 1835 483 1910 idoneus,
505 1835 622 1898 ludices
641 1881 653 1908 ,
674 1837 697 1896 si
716 1836 794 1912 hoc,
814 1835 895 1918 quod
915 1838 948 1898 in

259 1919 462 1978 communibus
478 1917 630 1977 hominum
645 1915 797 1989 sensibus,
812 1935 899 1999 atque
917 1919 949 1977 in

259 1998 318 2079 ipsa
335 2015 435 2058 natura
453 2001 580 2080 positum
594 2016 681 2079 atque
699 1997 819 2059 infixum
836 1996 897 2072 est,
916 1998 949 2058 id

261 2098 320 2160 ego
337 2123 347 2151 ‚
365 2100 455 2162 quum
470 2079 507 2138 ad
522 2081 606 2139 amici
623 2080 752 2160 pericula
772 2078 950 2173 depellenda

261 2160 435 2234 adhiberer,
452 2181 514 2219 non
528 2159 672 2219 viderem.
696 2159 792 2220 Facile
814 2160 950 2242 intelligo

262 2261 324 2307 non
338 2241 429 2303 modo
447 2243 569 2302 reticere
585 2239 721 2302 homines
738 2258 891 2323 parentum
904 2244 950 2300 in·

261 2319 371 2401 jurias,
388 2321 438 2384 sed
452 2325 540 2382 etiam
552 2323 651 2381 animo
668 2341 753 2402 aequo
766 2321 843 2382 ferre
856 2342 951 2403 opor·

262 2419 335 2462 tere.
363 2401 423 2463 Sed
439 2420 497 2483 ego
511 2405 568 2473 e'a,
586 2420 650 2480 quae
667 2400 735 2460 ferri
743 2400 888 2540 ¹poliunt,
902 2400 953 2462 fe·

264 2481 376 2557 renda;
430 2497 452 2540 ae
465 2481 554 2540 taceri
565 2525 575 2554 ,
588 2479 712 2541 tacenda
725 2500 742 2540 e
764 2501 782 2542 e
794 2481 928 2543 arbitror.

311 2561 357 2623 18.
413 2560 463 2622 ihil
488 2562 519 2620 in
540 2565 600 2622 vita
623 2560 698 2621 vidit
720 2563 887 2623 calamitatis
909 2563 952 2624 A.

264 2639 434 2717 Cluentius,
451 2641 562 2703 nullum
570 2641 733 2724 periculum
744 2646 846 2704 mortis
860 2643 952 2718 adiit,

262 2724 334 2784 nihil
350 2724 419 2784 mali
434 2723 531 2784 timuit
541 2722 651 2806 ,quod
668 2743 729 2783 non
745 2741 841 2784 totum
858 2748 874 2784 a
890 2746 954 2785 ma-

262 2821 308 2868 tre
333 2803 590 2868 &attondemur
609 2803 643 2864 &
667 2803 856 2885 profeilum:
885 2827 949 2887 quae

263 2883 323 2946 ltoc
342 2903 482 2968 tempore
492 2885 594 2946 silem
602 2886 731 2959 omnia,
747 2902 833 2967 atque
852 2907 908 2959 ea,
927 2891 951 2947 si

264 2965 419 3028 oblivione
435 2983 499 3032 non
514 2955 743 3048 Μαι
759 2972 954 3029 taciturnitate

262 3045 314 3106 sud
334 3045 410 3110 teste
427 3039 586 3128 ὦς’-γεέν
701 3045 741 3106 'td
760 3070 795 3110 ea
813 3051 886 3108 vero
913 3054 953 3108 sic

266 3127 326 3220 ¹5³¹
337 3171 349 3202 ‚
362 3143 394 3188 ut
409 3123 532 3214 parsu*
543 3147 569 3188 rr
591 3163 593 3178 ›
746 3153 763 3182 u
777 3130 869 3189 modo
886 3152 957 3209 pos·

267 3205 406 3266 anF
438 3209 481 3250 '⁴'
501 3227 505 3235 '
528 3209 551 3258 't
789 3212 958 3286 ,ltocperi-

266 3283 385 3355 wlff..
770 3291 882 3348 ullium
903 3315 958 3348 to-

811 3393 844 3452 Vl
