2617 4209
466 371 564 440 Pno
591 370 631 439 P.
658 374 829 441 Snnnn.
910 390 986 467 423

307 485 376 547 teris
407 484 614 564 conjurationis
645 490 736 547 causis
767 484 950 547 abstinuimus
976 533 990 563 r

308 566 343 626 P.
360 565 466 626 Sullam
481 564 681 626 defendimus:
700 567 854 627 nihilhunc
869 567 989 628 tandem

307 643 439 727 juvabit?
460 644 562 706 Grave
582 645 622 705 est
642 646 700 707 hoc
719 647 825 707 didum
843 646 989 721 formiis,

308 726 447 799 ludices,
467 727 491 785 si
503 726 665 807 appetimus
684 727 815 809 aliquid:
836 730 858 787 si
871 742 991 869 ,judin

309 809 400 868 ceteri
414 806 450 867 de
465 806 550 866 nobis
565 806 668 881 silent,
680 829 741 868 non
757 811 847 870 etiam
861 828 881 866 n
914 825 991 869 met·
1071 821 1074 828 '

308 888 365 969 ipsi
380 902 528 961 tacemus,
546 906 654 969 grave:
671 885 742 963 sed,
760 890 785 948 si
801 887 951 962 laedimur‚
965 890 992 947 si

309 966 473 1027 accusamur
484 1011 494 1040 ‚
509 970 533 1025 si
545 970 575 1025 in
588 966 728 1029 invidiam
740 973 900 1043 vo'camur3
918 991 990 1049 pro·

309 1046 388 1107 feste>
403 1045 592 1120 concedetis,
607 1045 744 1121 Iudices,
757 1066 790 1109 ut
802 1050 886 1109 nobis
903 1049 992 1109 liber·

309 1144 402 1187 tatem
419 1128 543 1187 retinere
558 1126 670 1201 liceat,
690 1129 714 1188 si
731 1131 825 1189 minds
843 1128 928 1190 liceat
947 1130 992 1190 di·

309 1209 463 1291 gnitatem.
785 1269 788 1274 ,
866 1235 870 1240 ·

352 1287 402 1348 81.
423 1285 557 1347 Accusati
573 1284 637 1346 sunt
651 1307 715 1349 uno
729 1290 849 1349 nomine
865 1286 995 1349 consuia-

310 1386 378 1442 res3
397 1384 429 1428 ut
450 1366 510 1447 jam
529 1367 663 1427 videatur
683 1370 805 1431 honoris
825 1369 993 1450 amplissimi

310 1469 421 1510 nomen
437 1450 499 1529 pius
519 1448 635 1509 invidiae
651 1493 661 1522 ‚
679 1449 767 1531 quim
785 1450 929 1532 dignitatis
946 1448 993 1508 afa

310 1529 399 1590 ferre.
417 1528 599 1600 Adfuerunt,
612 1532 721 1607 inquit,
732 1529 882 1606 Catilinae,
898 1531 993 1590 illum·

311 1613 370 1689 que
388 1607 548 1667 laudarunt.
573 1607 660 1665 Nulla
677 1627 740 1669 tum
775 1611 896 1683 ateban,
915 1611 995 1684 nulla

312 1704 375 1749 erat
387 1689 503 1769 cognita
512 1684 692 1764 conjuratio:
715 1688 733 1746 d
765 1688 993 1749 endebantami-

312 1790 399 1843 cum,
416 1768 534 1829 aderant
549 1766 687 1847 supplici,
703 1769 771 1827 vitae
787 1766 850 1845 ejus
868 1770 994 1850 turpitu-

312 1850 412 1910 dinem
428 1851 457 1909 in
474 1846 590 1908 summis
606 1844 669 1924 ejus
687 1847 819 1929 periculis
837 1868 898 1908 non
917 1848 995 1910 inse·

312 1930 483 2012 quebantur.
501 1927 584 2007 Quin
599 1929 688 1987 etiam
702 1947 805 2010 parens
817 1945 901 2002 ntus,
915 1926 996 1989 Tor·

335 2026 401 2071 uate
415 2054 428 2081 ,
446 2006 544 2069 consul
559 2026 613 2067 reo
631 2007 669 2068 de
686 2008 813 2090 pecuniis
827 2008 997 2089 repetundis

312 2032 448 2151 dandinae
464 2087 519 2148 fuit
534 2087 692 2148 advocatus
711 2109 718 2148 z
740 2088 877 2170 improbo
899 2088 996 2149 h'omi-

314 2171 373 2245 ni,
394 2186 424 2230 at
442 2167 585 2264 supplici:
605 2166 721 2233 fortasse
743 2168 871 2243 audaci,
892 2186 922 2229 at
943 2169 996 2229 ali·

313 2251 433 2333 quando
446 2269 551 2311 amico.
572 2246 629 2309 Cui
647 2270 736 2333 quum
751 2247 843 2311 adfuit
856 2247 922 2332 post
942 2248 995 2311 de·

312 2332 402 2393 latam
424 2330 461 2391 ad
482 2349 550 2390 eum
571 2332 694 2411 primam
717 2330 797 2390 illam
817 2329 995 2411 conjuratio·

313 2433 403 2486 nem3
416 2411 556 2472 indicavit
570 2408 599 2470 se
611 2408 719 2471 audiffe
726 2410 833 2494 aliquid
843 2456 853 2485 ,
862 2431 924 2472 non
935 2432 998 2473 cre·

315 2491 424 2555 didiffe.
450 2492 493 2554 At
509 2490 589 2551 idem
606 2512 668 2551 non
686 2490 777 2551 adfuit
794 2492 851 2553 alio
869 2495 899 2552 in
918 2490 996 2572 judi·

315 2575 384 2646 cio,
403 2594 492 2650 quum
506 2569 635 2633 adeffent
654 2573 754 2633 ceteri.
776 2571 806 2634 Si
823 2572 923 2654 postea
941 2594 997 2634 co-

318 2669 422 2735 gnorat
447 2651 506 2733 ipse
524 2652 660 2735 aliquid,
684 2653 765 2736 quod
795 2654 826 2714 in
846 2652 996 2713 consulam

317 2730 491 2815 ignoraiiet3
506 2733 713 2813 ignoscendum
730 2733 834 2807 estiis,
853 2735 901 2813 qui
914 2730 995 2812 post·

318 2834 353 2873 ea
370 2812 439 2873 nihil
453 2810 602 2871 audierunt
619 2836 628 2873 τ
647 2817 691 2874 sin
708 2815 755 2874 ilia
770 2833 817 2873 res
831 2817 923 2893 prima
941 2833 995 2870 va·

317 2896 369 2954 luit
388 2914 398 2967 ;
418 2915 478 2953 non
497 2892 678 2968 inveterata,
698 2894 784 2975 quim
802 2912 922 2966 recens,
942 2891 997 2951 de·

316 2977 380 3039 buit
406 2972 462 3037 effe
482 2973 609 3054 gravior.
632 2971 720 3049 sed,
750 2975 775 3036 si
803 2989 868 3033 tuus
891 2992 994 3054 parens
