2617 4209
385 594 464 688 '428
614 590 840 670 Onrrro.

384 706 492 790 perfrui
509 705 624 788 possit?
639 704 744 766 domus
760 705 814 764 erit
826 741 835 780 ,-
849 700 964 778 credo‚
984 720 1078 771 exora

384 805 473 849 nata:
492 789 656 868 aperientur
672 783 816 862 majorum
834 785 978 865 imagines
996 785 1078 866 :ipse

385 884 520 928 ornatum
532 888 565 927 ac
582 864 718 927 vestitum
731 863 924 945 recuperabit.
942 862 1068 938 Omnia,

386 947 503 1010 ludices
513 980 523 1023 ,
535 948 597 1007 haec
614 943 710 1006 amilla
727 943 791 1005 sunt
802 965 810 1002 τ
823 947 924 1004 omnia
938 949 1070 1026 generis,

383 1031 529 1103 nominis,
539 1028 656 1101 honoris
669 1026 788 1108 insignia
799 1042 886 1164 atZue
899 1044 1070 1096 ornamenta

383 1109 467 1170 unius
478 1105 576 1187 judicii
589 1108 751 1166 calamitate
766 1107 829 1165 occi
852 1123 938 1177 erunt
951 1126 959 1164 :
973 1105 1069 1167 sedne

385 1186 538 1248 exstintlor
558 1190 728 1269 patriae‚tte
770 1184 904 1260 roditor‚
924 1205 963 1255 rte
986 1186 1070 1246 hostis

384 1268 569 1350 appelletur,
588 1287 626 1329 ne
647 1268 722 1327 hanc
746 1207 842 1326 labem
864 1268 939 1333 tanti
959 1270 1070 1406 {enoris

349 1352 355 1365 '
383 1350 414 1408 in
431 1347 537 1409 familia
557 1348 721 1428 relinquat,
739 1346 770 1406 id
791 1346 958 1419 laborat,i
1004 1367 1070 1408 me-

384 1429 460 1500 tuit;
478 1449 516 1489 ne
540 1428 665 1507 denique
683 1427 729 1486 hic
751 1425 834 1488 miser
853 1423 1020 1506 conjurati,
1036 1429 1070 1489 ’δι

384 1507 592 1580 conscelerati,
612 1509 645 1567 &
664 1508 819 1589 proditoris
838 1505 913 1567 filius
932 1510 1069 1571 nominc·

383 1603 449 1648 tur:
464 1588 528 1648 huic
541 1608 633 1668 puero
648 1633 657 1660 ,
672 1591 720 1669 qui
735 1585 776 1647 est
793 1589 820 1648 ei
836 1588 895 1648 virt
911 1585 960 1648 suti
977 1590 1076 1658 multo

383 1670 496 1739 carior,
514 1671 637 1740 metuit,
654 1670 700 1726 cui
714 1668 834 1728 honoris
850 1669 978 1749 integros
992 1667 1070 1729 fruc·

384 1763 430 1806 tus
450 1769 511 1806 non
529 1750 565 1824 sit
578 1747 765 1822 traditurus,
786 1767 823 1808 ne
843 1764 982 1809 aeternam
1001 1769 1070 1811 tue-

383 1830 507 1903 moriam
525 1827 676 1889 dedecoris
693 1829 844 1910 relinquat.

426 1907 476 1986 89.
489 1907 547 1968 Hic
567 1930 622 1968 vos
637 1927 701 1968 orat
714 1953 723 1982 ‚
740 1909 876 1982 Iudices,
918 1931 1004 1978 arvus
1015 1956 1025 1985 ,
1038 1928 1068 1972 ut

383 1987 414 2048 se
432 1988 611 2068 aliquando,
630 1992 729 2050 sinon
749 1989 859 2071 integral
883 1931 1022 2064 linunt,
1041 2008 1068 2051 at

384 2057 506 2143 alliud,
520 2071 593 2148 patri
604 2059 654 2129 suo
667 2070 801 2151 gratulari
813 2071 927 2131 sinatis:
940 2071 1008 2131 huic
1017 2073 1068 2130 mi·

383 2146 450 2209 sero
464 2153 579 2209 notiora
590 2149 652 2209 sunt
661 2148 833 2229 judiciorum
847 2152 970 2225 itinera,
986 2153 1017 2212 δι
1028 2152 1068 2212 fo·

382 2231 429 2303 tl,
452 2229 539 2309 quam
561 2233 680 2310 campi,
700 2231 732 2291 &
754 2230 976 2310 disciplinarum.
998 2231 1065 2291 Non

382 2305 444 2389 jam
458 2310 494 2370 de
509 2312 569 2370 vita
583 2309 615 2370 P.
630 2309 734 2384 Sullae,
751 2311 767 2372 J
770 2312 866 2370 udices
877 2309 950 2385 ,sed
971 2312 1009 2373 de
1026 2313 1067 2372 le·

382 2386 497 2472 pultura
511 2391 695 2452 contenditur
710 2412 717 2449 :
733 2394 792 2452 vita
808 2409 909 2471 erepta
923 2390 965 2452 est
982 2394 1066 2474 supe-

382 2473 459 2531 riore
477 2468 607 2548 judicio:
623 2489 719 2543 nunc,
734 2493 771 2532 ne
795 2492 899 2551 corpus
919 2469 1064 2552 ejiciatur,

379 2550 555 2610 laboramus.
576 2550 659 2630 Quid
683 2553 761 2610 enim
785 2550 825 2611 est
847 2553 915 2612 huic
940 2553 1062 2633 reliqui,

381 2632 463 2710 quod
487 2652 555 2691 eum
572 2635 602 2689 in
621 2634 682 2692 vita
705 2633 756 2691 hac
778 2631 906 2692 teneat?
926 2648 974 2693 aut
996 2633 1066 2712 quid

381 2707 646 2830 est,›quamobrem
661 2712 722 2772 haec
740 2713 873 2793 cuiquam
891 2713 1065 2776 vitavidea·

383 2805 450 2847 tur.

423 2864 574 2929 XXXII.
587 2868 688 2951 Nuper
698 2873 720 2928 is
731 2871 822 2931 homo
838 2872 891 2933 fuit
904 2875 935 2933 in
948 2875 1063 2936 civitate

382 2946 416 3016 P,
427 2947 524 3023 Sulla,
538 2966 569 3009 ut
582 2970 671 3011 nemo
684 2953 711 3011 ei
721 2949 750 3012 se
765 2973 860 3034 neque
871 2955 1008 3030 honore,
1021 2975 1065 3016 ne·

381 3048 439 3104 que
458 3029 567 3110 gratiri,
585 3051 640 3092 nee
658 3030 780 3093 fortunis
798 3034 975 3096 anteferrem
990 3057 1064 3095 nunc

379 3105 517 3184 spoliatus
530 3113 609 3172 omni
621 3112 779 3195 dignitate,
793 3136 856 3196 quae
873 3133 977 3196 erepta
986 3115 1064 3189 sunt,

381 3205 444 3248 non
461 3195 565 3274 repetit
583 3195 686 3277 :quod
708 3195 823 3259 fortuna
841 3198 871 3256 in
882 3199 975 3258 ¹malis
994 3197 1064 3259 rell-
