2617 4209
365 751 435 822 Da
459 749 591 821 Lacr
612 739 861 821 Annam.
903 748 987 863 163,

293 859 354 927 else
375 864 552 925 voluerunt'
569 863 644 925 Haec
663 862 731 946 lege
750 862 897 924 tribunitii
925 862 983 924 de-

294 947 417 1009 cemviri
430 944 577 1007 vendent,
590 945 730 1007 Accedet
742 946 780 1005 eo
796 965 882 1005 mons
898 940 981 1005 Gau·

291 1046 364 1100 rus3
383 1025 523 1087 accedent
539 1025 633 1087 salida
651 1027 690 1086 ad
711 1025 877 1086 Minturnas
892 1044 902 1097 ;
923 1024 981 1084 ad·

292 1103 428 1189 ’ungetur
448 1108 536 1167 etiarn
552 1106 600 1167 illa
618 1110 667 1167 via
685 1106 841 1168 vendibilis
859 1104 980 1166 Hercu-

290 1127 396 1260 lanea,
417 1189 571 1248 multarum
594 1186 789 1259 deliciarum,
811 1187 844 1247 δι
867 1206 981 1267 magnae

291 1270 424 1351 pecunie
449 1288 456 1326 :
488 1267 633 1348 permulta
661 1268 714 1327 alia
740 1312 751 1342 ,
779 1288 843 1348 quae
867 1265 982 1327 senatus

314 1366 416 1428 ropter
446 1344 587 1429 angustias
614 1350 707 1409 aerarii
725 1344 883 1408 vendenda
908 1366 983 1407 cen·

291 1370 368 1501 luit,
388 1428 520 1489 confides
538 1445 661 1509 propter
678 1426 818 1490 invidiam
832 1446 892 1487 non
905 1447 983 1489 ven·

294 1508 441 1569 diderunt.

339 1604 387 1667 37.
410 1586 526 1649 Verirm
542 1585 604 1648 hac
617 1584 739 1649 lortaii'e
752 1601 876 1669 propter
887 1584 985 1667 pudo·

294 1689 358 1730 rem
380 1671 409 1728 in
432 1668 499 1750 lege
519 1671 685 1731 reticentur.
717 1666 776 1729 Sed
797 1667 867 1728 illud
890 1668 983 1729 mais

295 1747 337 1812 est
354 1750 518 1810 carendum
537 1748 850 1832 &pertimescendum
867 1792 879 1820 ‚
901 1688 983 1830 qugd

293 1832 422 1891 audaciae
451 1831 638 1892 decemvirali
665 1877 678 1904 ,
703 1828 981 1912 corrumpendarum

294 1912 455 1971 tabularum
482 1912 693 1991 publicarum,
718 1910 757 1971 fin
778 1912 982 1992 endorumque

293 1990 624 2063 senatusconsultorum,
647 2011 712 2071 quae
731 1933 805 2051 faita
823 2011 983 2072 numquam
1072 2049 1075 2054 .

295 2070 383 2145 funt,
402 2091 491 2152 quum
510 2091 546 2132 ex
569 2091 606 2132 eo
628 2089 773 2143 numero,
794 2073 843 2150 qui
860 2090 912 2151 per
929 2091 987 2131 eos

297 2174 390 2214 annos
422 2150 554 2213 consules
582 2150 700 2212 fuerunt
720 2193 734 2222 ,
760 2150 847 2211 multi
876 2152 985 2211 mortui

295 2236 375 2305 sint,
390 2253 495 2315 magna
507 2231 634 2313 potestas
645 2232 820 2310 permittitur
836 2250 844 2288 ε
857 2232 912 2290 nisi
925 2228 987 2290 for·

296 2314 327 2373 tl
349 2312 417 2371 nihil
439 2311 480 2373 est
502 2334 616 2392 aequum
634 2331 690 2369 vos
713 2310 750 2370 de
771 2329 875 2370 eorum
897 2310 988 2369 auda·

299 2394 344 2452 cia
364 2390 521 2471 suspicari,
543 2412 668 2473 quorum
692 2410 726 2449 ru
749 2390 840 2450 iditati
866 2391 986 2453 nimium

300 2495 337 2535 an
360 2471 435 2531 ustus
456 2473 534 2531 orbis
551 2490 690 2533 terrarum
708 2411 764 2531 elie
783 2472 925 2532 videatur.

338 2493 419 2613 ilV.
440 2553 562 2614 Habetis
579 2575 668 2613 unum
684 2552 860 2613 venditionis
874 2572 987 2634 genus,

338 2634 379 2696 od
405 2655 543 2694 manum
572 2637 666 2695 videri
697 2636 785 2694 vobis
815 2635 944 2714 intelligo
974 2654 983 2692 ε

312 2716 349 2777 ed
366 2655 509 2778 attendite
525 2718 638 2775 animos
660 2714 697 2773 ad
712 2735 747 2774 ea
764 2759 774 2786 ‚
795 2735 858 2792 quae
880 2712 986 2775 conse-

297 2817 442 2877 quuntur:
463 2797 540 2857 hunc
579 2799 638 2855 uasi
661 2796 781 2877 gradum
801 2795 984 2876 quemdam,

298 2892 385 2957 atque
408 2878 517 2938 aditum
539 2819 576 2937 ad
598 2895 695 2938 cetera
714 2874 817 2937 sallum
837 2876 986 2957 intellige·
1093 2893 1096 2898 ·

299 2959 347 3016 tis.
378 2960 436 3038 Qui
458 2962 546 3039 agri,
569 2980 628 3038 quae
653 2959 746 3030 loca,
772 2977 830 3035 quoe
859 2958 985 3034 edificia.

300 3035 387 3115 Quid
411 3035 451 3095 est
468 3054 607 3119 praeterea
625 3043 635 3091 i
654 3039 746 3099 multa
762 3038 791 3096 in
808 3038 958 3115 mancipiis
973 3078 986 3107 ‚

300 3119 331 3177 in
350 3135 480 3196 pecore,
495 3140 585 3191 auro,
599 3137 741 3200 argento,
759 3118 871 3190 ebore,
883 3112 984 3187 veste,
1059 3145 1068 3177 t

299 3196 496 3279 supellediili‚
522 3201 624 3257 cereris
641 3199 737 3258 rebus.
761 3196 845 3275 Quid
865 3193 986 3253 dicam?
1051 3185 1062 3273 l

299 3277 476 3343 invidiosum
495 3277 618 3359 putaffet
638 3278 696 3339 hoc
713 3276 777 3338 fore
798 3320 810 3350 ,
837 3276 860 3334 si
887 3275 986 3337 omniu
1044 3323 1050 3349 ,.
