2617 4209
364 355 422 424 In
452 355 488 422 L.
520 353 835 421 Cnrrrrrrnrt.
874 369 947 445 295

265 463 305 530 ad
327 470 454 549 quietern
474 468 556 528 datus
573 490 583 541 ;
602 488 664 527 non
683 466 808 549 denique
824 468 886 527 haec
903 468 952 528 se-·

264 550 318 611 des
339 550 481 624 honoris,
496 548 563 610 sella
583 548 710 621 curulis,
734 569 873 631 umquam
893 571 951 607 va*

265 652 321 691 cua
340 633 440 690 monis
463 630 623 711 periculo,
645 646 731 711 atque
750 630 858 689 insidiis
886 627 951 689 fuiti

264 710 333 793 Ego
353 712 443 770 multa
468 714 573 785 tacui,
592 710 682 769 multa
705 711 838 791 pertuli,
861 709 952 769 multa

264 792 420 862 concessi,
433 792 523 852 multa
540 811 609 852 meo
624 790 754 872 quodam
772 791 901 864 dolore,
920 793 951 850 in

263 870 362 933 vestro
389 873 493 933 timore
515 911 526 945 ,
550 872 658 933 sanavi.
683 869 798 943 Nunc,
824 874 849 932 si
873 870 951 933 hunc

265 955 374 1013 exitum
389 952 551 1013 consulatis
568 955 627 1013 mei
646 952 686 1012 dii
699 952 878 1015 immortales
892 950 951 1014 esso

265 1035 422 1095 voluerunt
434 1038 490 1109 ‚jur
504 1055 579 1108 vos,
595 1032 695 1094 Patres
710 1034 863 1114 conscripti
898 1056 953 1118 pq·

263 1116 425 1196 polumque
452 1113 621 1174 Romanum
645 1135 684 1175 err
712 1115 791 1175 caede
852 1111 953 1190 ‘erae

263 1193 332 1274 conj
374 1216 406 1255 es
426 1237 438 1266 ,
463 1193 626 1276 liberosque
649 1191 761 1257 vestros
781 1239 791 1269 ,
814 1195 953 1275 virgines

262 1295 321 1356 qne
336 1216 473 1336 L{sestales
498 1296 534 1336 ex
560 1277 745 1337 acerbissima
769 1279 952 1349 veratioae3

262 1355 374 1435 templa
400 1372 487 1436 atque
513 1356 634 1417 delubra
651 1401 666 1428 ‚
687 1354 762 1415 hanc
785 1355 951 1437 pulcherri-

263 1456 345 1496 mam
384 1437 485 1495 atriam
504 1439 635 1498 omnium
653 1434 783 1497 nostrrim
800 1457 838 1497 ex
854 1434 955 1497 foedis-

264 1518 340 1576 eima
357 1458 495 1589 samiam
515 1535 610 1577 totam
631 1515 746 1578 Italiam
767 1537 803 1578 ex
819 1518 900 1577 bello
920 1518 954 1579 &

263 1595 398 1657 vastitate
417 1598 579 1674 eriperem:
598 1618 790 1679 quaecumque
809 1599 881 1659 mihi
900 1600 952 1660 nn

262 1693 321 1756 pro
345 1690 448 1734 onetur
470 1673 612 1749 fortuna,
632 1674 779 1738 subeatur.
805 1676 953 1756 Etenim,

263 1759 291 1816 si
337 1799 345 1813 .
365 1754 505 1815 Lentulus
524 1755 604 1816 suum
624 1775 737 1815 nomen
755 1797 767 1828 ,
785 1758 916 1818 industris
932 1782 952 1822 a

264 1837 405 1910 vatibus,
433 1834 521 1896 fatale
541 1835 579 1896 ad
604 1829 765 1915 perniciem
786 1837 955 1918 reipublicae

265 1917 330 1977 fore
350 1919 465 1997 putavit
482 1938 493 1990 3
515 1937 565 1976 cur
589 1935 648 1997 ego
667 1936 729 1976 non
754 1918 835 1977 laeter
853 1939 954 1982 meum

263 1997 445 2057 consulatum
468 1997 505 2055 ad
529 1996 650 2056 salutem
672 1996 837 2079 reipublicae
858 2000 953 2081 prop&

265 2076 390 2138 -saralem
411 2074 567 2139 exstitisse?
770 2117 776 2132 ·

308 2156 355 2218 ΙΙ.
375 2156 500 2238 Quare,
513 2156 612 2219 Patres
629 2153 800 2239 conscripti,
811 2158 952 2226 consulite

266 2239 373 2311 vobis,
392 2237 545 2321 prospicite
561 2241 660 2323 patriae
673 2285 683 2315 ,
697 2237 869 2304 oonservate
879 2263 952 2320 vos,

264 2317 434 2401 conjuges,
454 2321 562 2381 liberos
583 2364 593 2395 ‚
612 2319 798 2403 fortunasque
820 2320 952 2386 vestrae:

262 2402 370 2482 populi
391 2400 520 2462 Romani
537 2421 650 2461 nomen
667 2447 681 2474 ‚
702 2401 878 2484 salutemque
897 2403 955 2476 de·

261 2481 397 2543 tendite:
423 2483 495 2543 mihi
537 2502 664 2556 arcere,
685 2482 773 2545 aede
794 2503 844 2546 nte
864 2487 953 2570 negi-
977 2555 981 2560 ,

261 2580 328 2623 rare
346 2563 478 2625 desinite.
530 2585 577 2623 am
594 2565 720 2645 primirm
732 2564 834 2626 debeo
937 2575 960 2582 ““

263 2662 300 2700 re
322 2686 333 2712 ‚
357 2663 460 2702 omnes
484 2642 586 2717 deos,
606 2644 655 2726 qui
679 2644 745 2705 huic
761 2645 829 2706 urbi
904 2647 909 2654 '

265 2720 340 2778 dent
363 2765 373 2793 ‚
399 2742 453 2800 pro
471 2740 509 2782 eo
533 2726 605 2783 mihi
625 2771 636 2796 ,
656 2744 823 2786 acmeteor
842 2761 862 2797 ,-

268 2817 349 2861 turos
365 2803 486 2882 gratiam
503 2801 580 2865 esse:
598 2804 722 2881 deinde,
743 2801 874 2942 eiNcpuis

800 2903 831 2946 tv
905 2917 908 2924 ·
