2617 4209
364 375 436 424 nn
584 351 807 421 Oaarro

360 472 474 543 credo,
496 488 541 529 res
558 466 693 548 objeffi,
715 468 786 525 novi
803 462 924 545 quidam
946 465 1056 528 homi*

360 572 413 611 nes
429 549 460 609 in
476 548 664 628 suspicionem
680 548 778 606 vocati
794 543 880 605 sunt:
905 546 945 606 de
970 545 1056 609 Stra-

359 650 460 704 tone,
483 630 516 689 δι
541 628 578 689 de
601 625 778 688 Nicostrato.
801 624 912 704 Quid?
940 626 1055 689 Rome
1097 695 1108 718 ι

383 713 510 770 ueritum
538 708 575 769 de
598 706 654 767 istis
679 706 844 767 hominibus
869 726 934 766 non
961 709 1056 773 erati
1097 721 1103 764 .·

361 732 443 850 itane
467 787 610 849 tandem?
630 789 732 847 mulier
757 785 815 865 jam
833 807 895 845 non
918 789 1057 863 morbo,
1095 779 1106 882 Ι

361 870 411 930 sed
430 868 536 929 scelere
550 866 674 941 furiosa,
693 888 781 949 quum
798 864 993 945 quaestionem
1009 870 1059 929 ha·
1096 887 1100 918 ι

361 945 464 1010 buiffet
496 948 600 1008 Romae
625 992 635 1021 ‚
666 968 754 1028 quum
784 946 821 1006 de
852 944 893 1006 T.
926 948 1057 1021 Annii,
1096 995 1102 1002 .

362 1029 399 1091 L.
418 1030 538 1100 Rutilii,
557 1028 589 1088 P.
608 1027 731 1102 Saturi,
749 1027 782 1086 &
803 1043 976 1087 ceterorum
1002 1031 1056 1090 ho·

364 1109 589 1171 nestissimorum
604 1112 734 1171 virorum
752 1105 893 1167 sententia
913 1106 1058 1169 constitu·

366 1189 537 1265 tamesim,
558 1190 622 1251 satis
643 1192 793 1271 quaesitum
809 1187 928 1263 videri,
949 1190 1058 1251 eadem

367 1273 406 1333 de
426 1293 457 1333 re
476 1273 601 1332 triennio
622 1269 713 1350 prist,
737 1267 835 1328 iisdem
859 1267 898 1329 de
925 1270 1059 1331 homini·

367 1354 444 1425 bus,
461 1351 541 1410 nullo
558 1350 707 1421 adhibito,
724 1370 785 1409 non
801 1349 897 1408 dicam
915 1353 1011 1425 viro,
1026 1370 1059 1412 ne

370 1432 510 1492 colonum
527 1430 605 1489 forte
625 1426 741 1489 adfuiffe
759 1429 882 1503 dicatis,
899 1429 957 1490 sed
980 1432 1060 1493 bono

367 1514 458 1585 siro,
475 1512 505 1569 in
521 1508 571 1570 filii
587 1526 673 1591 caput
682 1506 869 1591 questionem
883 1508 1004 1574 habere
1017 1533 1062 1576 co·

372 1609 441 1652 nata
457 1587 509 1650 est.

375 1705 380 1732 ι
419 1672 486 1750 183.
506 1669 556 1731 An
573 1670 631 1733 hoc
652 1669 772 1732 dicitis?
789 1670 857 1729 mihi
876 1675 961 1733 enim
985 1676 1062 1736 venit

375 1753 406 1812 in
423 1769 572 1825 mentem,
592 1753 661 1833 quid
677 1753 734 1812 dici
750 1754 841 1833 possit
853 1775 865 1825 ‚·
879 1758 1006 1815 tametsi
1019 1755 1063 1816 ad·

376 1834 432 1894 huc
458 1854 518 1893 non
542 1830 611 1893 effer
636 1832 768 1893 ditium:
791 1853 880 1913 quum
906 1834 1064 1897 haberetur

378 1914 416 1975 de
434 1914 513 1975 furto
556 1912 680 1987 aestio,
704 1912 870 1973 Stratonem
892 1914 1011 1996 aliquid
1033 1917 1064 1977 de

375 2015 496 2055 veneno
516 1934 571 2055 eicie
585 1992 765 2055 confessum?
783 1994 852 2054 Hoc
864 2014 926 2054 uno
951 1998 1064 2069 modo,

377 2074 517 2146 Iudices,
539 2075 611 2154 saepe
631 2076 786 2135 multorum
804 2076 1001 2155 improbitate
1020 2078 1065 2138 de·

377 2152 471 2234 press‘a
487 2156 594 2214 veritas
614 2157 755 2235 emergit,
768 2154 800 2212 &
818 2158 1002 2218 innocentiae
1022 2159 1065 2219 de·

376 2232 474 2293 fensio
503 2232 652 2293 interclusa
682 2233 730 2293 res
745 2237 823 2292 irat:
853 2236 937 2315 qubd
956 2257 1011 2298 aut
1030 2242 1065 2310 ii,

377 2316 430 2395 qui
448 2314 484 2373 ad
502 2312 633 2373 fraudem
651 2256 745 2373 callirii
760 2312 845 2386 sunt,
867 2336 930 2375 non
954 2336 1066 2380 tantun

376 2393 512 2467 audent,
538 2411 676 2475 quantum
701 2397 892 2476 excogitant3
922 2415 976 2458 aut
1005 2401 1066 2472 iili,

379 2494 505 2554 quorum
528 2477 637 2535 eminet
656 2475 804 2548 audacia,
827 2492 914 2556 atque
936 2479 1068 2559 projeiia
1095 2521 1099 2530 .

382 2552 445 2626 est,
467 2552 620 2614 aconsiliis
639 2558 753 2614 maliriae
772 2554 966 2617 deseruntur:
994 2559 1068 2642 quod

382 2637 407 2693 si
430 2651 477 2694 aut
497 2633 647 2694 confidens
668 2634 788 2707 astutia,
807 2654 854 2695 aut
875 2636 984 2699 callida
1005 2639 1070 2703 effer

380 2714 528 2788 audacia,
553 2717 602 2775 rix
628 2715 689 2775 ullo
714 2714 810 2777 obsisti
837 2716 931 2775 modo
965 2720 1070 2800 poffet.

384 2794 493 2855 Utrirm
514 2794 621 2855 furtum
639 2795 745 2857 fabium
765 2795 883 2856 nonest
903 2797 914 2855 i
936 2798 982 2860 At
1010 2800 1072 2862 nihil

380 2875 486 2948 elarius
503 2875 598 2940 Larini
616 2875 679 2941 fuir.
707 2877 758 2940 An
772 2877 809 2941 ad
829 2870 1005 2944 Stratonem
1019 2879 1072 2945 sus·
