2617 4209
451 346 549 419 Puo
576 350 614 420 L.
640 350 838 417 Fraccm
911 367 984 438 491

350 464 400 549 65.
414 466 619 548 Quamobrem
638 462 734 543 quaeso
753 486 770 523 a
785 464 891 535 vobis,
906 463 992 523 Asia-

307 544 358 607 tici
375 548 460 611 testes
475 564 556 623 ,uut‚
574 565 664 627 quum
682 543 753 604 vere
768 541 915 604 recordari
931 567 992 605 vo·

308 629 374 688 letis
384 675 394 703 ‚
405 644 543 713 quantum
558 624 732 685 auetoritatis
746 626 775 683 in
791 622 929 705 judicium
946 624 993 685 af·

308 701 605 787 feratis,vosmetipsi
616 700 779 766 describatis
789 705 995 779 Asiam3nec‚

299 845 305 851 .
330 789 387 862 uid,
399 791 567 870 alienigenae
592 785 629 846 de
651 786 739 847 vobis
759 785 841 868 loqui
859 784 995 862 soleant,

308 810 359 928 ded
375 870 443 951 quid
459 862 628 947 vosmetipsi
640 867 679 927 de
696 886 804 948 genere
819 864 916 929 vestro
934 867 999 929 sta·

301 952 412 1025 ruatis,
430 950 627 1010 memineritis.
646 946 801 1028 Namque,
816 966 848 1008 ut
867 952 995 1029 opinor,

310 1030 382 1089 Asia
404 1029 498 1091 vestra
517 1026 628 1088 constat
647 1048 684 1087 ex
702 1027 855 1111 Phrygia,
872 1027 1008 1111 Mysia,

300 1107 419 1187 Caria,
434 1109 540 1191 Lydia.
557 1104 666 1167 Utrirm
683 1110 768 1189 igitur
785 1108 915 1170 nostrum
932 1110 994 1185 est,

310 1212 347 1249 an
372 1187 522 1261 vestrum,
542 1188 599 1247 hoc
620 1188 837 1267 proverbium,
857 1192 995 1273 Phrygem

306 1273 401 1351 plagis
412 1273 476 1351 fieri
487 1267 575 1350 fhlere
595 1269 756 1328 meliorem?
770 1266 852 1349 Quid
874 1271 911 1331 de
929 1288 999 1332 totae

302 1348 420 1412 Caria?
434 1370 533 1412 nonne
555 1350 611 1409 hoc
632 1345 727 1410 vestri
745 1371 822 1411 voce
845 1352 895 1413 vul
916 1369 997 1412 atum

311 1429 371 1505 est,
386 1434 409 1491 si
424 1432 493 1515 quid
508 1453 568 1491 cum
580 1431 704 1511 periculo
721 1433 845 1526 experiri
860 1371 934 1493 vedis
944 1478 953 1505 ,
965 1435 997 1493 in

312 1516 380 1570 Care
394 1513 424 1571 id
439 1515 621 1594 potissimum
640 1508 697 1572 effe
712 1510 876 1573 faciendum
889 1512 900 1573 ?
912 1513 998 1593 Quid

311 1591 403 1670 porro
422 1587 579 1651 in·Graeco
598 1590 731 1652 sermone
751 1611 811 1652 tam
831 1595 929 1653 tritum
950 1610 1000 1654 at·

312 1690 370 1752 que
387 1667 564 1730 celebratum
583 1663 648 1738 est,
664 1668 772 1749 quim,
788 1674 812 1731 si
826 1676 888 1753 quis
905 1675 1000 1757 despi-

312 1752 388 1811 catui
405 1750 537 1822 ducitur,
554 1764 586 1807 ut
600 1748 743 1828 Mysorum
759 1750 871 1813 ultimus
886 1752 942 1814 effe
957 1756 1004 1814 di-

313 1830 417 1892 catur?
433 1830 511 1891 Nam
552 1827 601 1887 uid
621 1848 678 1909 ego
700 1827 794 1890 dicam
817 1831 853 1891 de
875 1829 970 1913 Lydia
985 1835 1003 1905 ἒ,

312 1915 376 1994 quis
389 1927 526 1994 umquam
573 1929 662 1968 raecus
681 1909 856 1971 comoediam
871 1912 980 1995 scripsit
987 1930 1003 1989 ,¹

297 1997 347 2072 -iss,
357 2014 413 2074 qua
423 1992 521 2054 servus
536 1992 693 2071 primarum
707 1993 831 2071 partium
850 2013 912 2054 non
935 1993 1004 2074 Ly-

314 2073 368 2132 dus
383 2070 475 2133 effer?
496 2068 702 2151 Quamobrem
717 2093 780 2152 quae
798 2072 885 2133 vobis
900 2072 932 2133 fit
950 2078 1001 2134 in-

314 2148 415 2233 juria,
440 2153 464 2212 si
484 2150 635 2211 'statuimus
659 2150 758 2213 vestro
783 2152 868 2213 nohis
890 2150 1002 2234 judicio

314 2227 447 2294 standum
462 2228 526 2294 *effe
547 2230 584 2292 de
605 2230 718 2293 vobis?

357 2309 406 2375 66ss
429 2312 573 2454 Etpridem
593 2316 664 2373 mihi
685 2312 746 2394 jam
771 2308 836 2375 satis
859 2310 1002 2398 superque
1021 2323 1027 2333 ’

316 2392 414 2456 dixisse
429 2396 458 2453 vi
480 2416 533 2455 eor
549 2394 586 2454 de
601 2394 732 2456 Asiatico
747 2416 855 2479 genere
869 2395 999 2459 testium:

315 2476 365 2537 sed
383 2494 481 2537 tamen
501 2474 628 2537 vestrum
643 2472 709 2551 est,
729 2473 868 2553 Judices,
886 2482 1002 2555 omnia,

296 2578 382 2635 ‚quae
401 2556 456 2616 dici
477 2552 591 2638 poffunt
613 2560 642 2617 in
660 2556 811 2619 hominum
832 2559 1003 2635 levitatem,

319 2636 560 2712 inconstantiam,
575 2637 781 2719 cupiditatem,
796 2641 907 2700 etiamsi
920 2661 940 2700 a
953 2660 1004 2702 me

319 2715 414 2774 minus
432 2715 583 2792 dicuntur,
598 2717 699 2781 vestris
717 2722 817 2781 animis
830 2719 869 2780 ’δι
888 2739 925 2780 co
946 2717 961 2735 ”

320 2798 402 2855 tione
422 2816 489 2853 com
511 2798 683 2860 rehendere.
870 2837 873 2842 ·

362 2818 536 2961 xxviii
549 2874 682 2960 Sequitur
695 2880 756 2944 auri
771 2877 820 2940 illa
828 2877 903 3019 'ipri

554 2971 557 2976 .
873 2977 905 3039 v]
