2617 4209
488 680 585 747 Pan
612 684 654 750 L,
679 679 879 746 Franco.
945 698 1022 771 457

338 792 482 866 tissimum
498 791 662 875 reipublicae
681 796 777 858 ¹ciuem
793 788 959 870 judicastis?
973 792 1024 856 De

340 872 443 951 quibus
459 895 514 934 vos
524 876 584 933 aliis
602 870 687 933 testes
705 871 761 938 esse
782 872 894 938 debetis
906 915 916 946 ,
930 872 968 933 de
990 875 1025 934 i'n

339 953 397 1032 ipsi
412 952 486 1014 alios
505 953 592 1015 restes
606 952 749 1015 audieris?

382 1031 447 1096 IV.
466 1032 508 1094 At
521 1055 597 1115 quos
606 1032 692 1094 testes
704 1034 715 1092 ἓ
728 1033 852 1114 primum
865 1032 961 1099 dicam
972 1028 1027 1113 (id

337 1113 423 1193 quod
435 1111 475 1173 est
485 1111 664 1195 commune)
676 1112 799 1176 Graecos
811 1136 820 1187 3
831 1135 891 1175 non
903 1113 963 1195 qui)
974 1133 1027 1173 na·

331 1194 415 1254 .tioni
430 1193 496 1254 huic
513 1216 569 1279 ego
588 1216 662 1255 unus
679 1196 804 1255 maximi
826 1192 917 1255 fidem
936 1193 1028 1260 deroa

337 1294 428 1354 gemt
442 1296 509 1334 nam
518 1320 531 1346 ‚
545 1278 568 1334 si
581 1277 643 1356 quis
656 1295 706 1335 um
729 1297 794 1335 uam
809 1273 846 1336 de
858 1272 960 1335 nostris
972 1273 1026 1336 ho·

339 1353 465 1422 minibus
476 1376 493 1413 a
503 1375 610 1436 genere
621 1352 675 1414 isto
685 1399 695 1428 ,
704 1297 816 1429 ludio,
827 1376 859 1413 ac
868 1356 1022 1418 voluntate

339 1454 403 1493 non
417 1433 579 1504 ,abhorrens
592 1433 647 1503 fuit
659 1478 670 1507 ,
684 1454 735 1498 me
756 1436 788 1494 &
805 1433 860 1494 else
879 1435 1024 1511 arbitror,

332 1513 374 1588 A&
388 1518 478 1596 magis
494 1516 679 1586 etiamtum,
693 1533 783 1595 quum
796 1513 860 1594 plus
874 1530 934 1589 erat
950 1516 1001 1574 otii
1010 1558 1024 1586 ,

338 1591 421 1658 fuiffe
437 1616 444 1653 ε
459 1592 514 1655 led
527 1593 591 1665 sunt
606 1597 637 1660 in
653 1594 704 1664 illo
724 1613 846 1662 numero
864 1594 947 1660 multi
965 1594 1024 1654 bo·

338 1678 389 1749 ni,
403 1674 480 1736 doili
490 1720 500 1749 ‚
512 1675 676 1756 pudentes,
691 1676 740 1755 qui
757 1674 795 1734 ad
810 1674 867 1734 hoc
883 1671 1024 1752 judicium

339 1756 457 1817 deduai
475 1777 536 1816 non
547 1754 611 1815 sunt
619 1775 629 1829 3
640 1754 723 1828 nnulti
739 1756 778 1813 im
801 1754 941 1829 ndentes,
955 1754 1026 1814 illit-

338 1839 441 1908 terati,
453 1836 556 1909 leves,
570 1855 644 1917 quos
661 1835 747 1894 variis
788 1854 805 1894 e
825 1835 915 1894 causis
931 1834 1024 1904 video

338 1918 514 1976 concitatos.
526 1915 737 1976 Verumtamen
748 1913 806 1974 hoc
820 1914 887 1975 dico
903 1915 940 1975 de
954 1931 1023 1978 toto

334 2016 448 2079 genere
461 1993 649 2057 Graecorum:
662 1995 757 2058 tribuo
768 1995 821 2055 illis
835 1995 965 2069 litteras,
979 1996 1023 2058 do

338 2077 494 2139 multarum
510 2078 612 2136 artium
633 2074 829 2156 disciplinam,
843 2096 905 2142 non
922 2075 1023 2141 adimo

334 2158 477 2221 sermonis
499 2157 655 2238 leporem,
675 2158 857 2237 ingeniorum
878 2176 1021 2231 acumen,

336 2238 454 2300 dicendi
467 2241 601 2320 copiam:
613 2236 739 2317 denique
752 2239 838 2297 etlam
846 2280 856 2308 ‚
865 2238 888 2295 si
898 2257 954 2316 qua
965 2237 1020 2298 sibi

336 2320 394 2380 alia
408 2317 537 2391 sumunt,
551 2339 611 2377 non
623 2337 755 2398 repugno
769 2337 775 2375 :
789 2314 1022 2383 testimoniorum

337 2397 512 2478 religionem
534 2398 567 2457 &
587 2396 677 2473 fidem
695 2417 852 2477 numquam
872 2394 923 2466 illa
940 2398 1023 2459 natio

338 2478 449 2550 coluit,
467 2476 611 2558 totiusque
629 2473 745 2555 hujusce
761 2478 803 2538 rei
821 2497 885 2557 quae
905 2478 940 2535 sit
957 2478 1022 2553 vis,

338 2580 403 2641 quae
416 2555 586 2633 austeritas,
601 2558 681 2636 quod
701 2557 840 2637 pondus,
856 2558 1000 2638 ignorant.

383 2654 429 2697 10.
440 2635 529 2711 Unde
542 2636 611 2694 illud
626 2635 666 2695 est
679 2636 689 2693 ἓ
704 2641 756 2696 Da
769 2639 834 2695 mihi
846 2639 1019 2716 testimonium
1049 2648 1053 2654 '

291 2745 302 2764 r
336 2736 564 2780 mutuumrnum
585 2712 761 2787 Gallorum,
784 2737 851 2774 num
872 2714 1020 2797 Hispano-

336 2820 401 2857 rum
420 2813 533 2878 pntntur
546 2794 556 2853 ἓ
570 2809 667 2854 totum
685 2793 757 2867 illud
767 2792 939 2856 Graecorum
956 2796 1020 2870 est;

338 2893 371 2936 ut
387 2878 473 2937 etiam
512 2873 646 2952 ⁸iGraece
663 2874 810 2949 nesciunt,
824 2876 900 2950 hoc,
916 2879 1020 2956 quibus

337 2956 434 3016 verbis
451 2977 468 3012 a
483 2899 592 3017 giaecis
607 2956 664 3015 diri
676 2953 766 3017 soleat
779 3001 789 3027 ‚
804 2955 898 3015 sciant.
917 2956 1020 3035 ltaque

338 3034 456 3104 videte,
469 3055 527 3111 quo
537 3038 636 3107 vultu,
647 3038 703 3116 qul
717 3035 892 3096 confidentia
906 3037 1020 3110 dicant;

337 3113 572 3192 tumimelligetis
581 3158 590 3185 ,
599 3116 655 3192 qui
665 3118 804 3197 religione
814 3114 918 3173 dicant.
931 3114 1021 3184 Num·

334 3214 430 3280 ¹quam.
441 3193 525 3251 nobis
538 3192 576 3252 ad
592 3210 726 3274 rogatum
739 3193 934 3342 respondem)
945 3193 1020 3272 sem·¹

380 3278 478 3346 Tomus
497 3279 531 3340 V.
890 3331 923 3343 ,.
