2617 4209
389 380 484 447 Pno
512 379 555 446 A.
583 378 855 446 Cauarum.
910 398 979 467 117

299 515 364 555 rent
378 492 445 553 silio
461 492 511 551 suo
531 491 596 551 fore
613 495 759 552 neminem
778 494 912 581 putavit,
932 493 986 550 nisi

301 578 351 655 qui
365 574 396 633 in
411 574 626 634 matrimonium
640 572 770 633 sororem
783 592 845 650 elus
858 572 924 630 ante
938 571 990 632 du·

301 652 384 714 xillet
402 672 410 713 τ
434 654 522 713 ceteri
543 654 628 712 novis
645 651 828 712 affinitatibus
845 650 988 724 addusli,

301 751 419 796 veteres
432 735 592 793 inimicitias
608 730 684 814 saepe
700 733 869 813 deponunt;
884 732 932 790 illa
948 732 987 789 si·

301 815 334 875 hi
363 814 400 873 ad
425 812 636 873 confirmandas
660 813 821 873 inimicitias
845 810 988 871 affinitatis

303 892 540 975 conjunslionem
559 894 675 976 pignori
690 892 754 954 sore
771 896 893 973 putavit.

348 993 416 1054 191.
435 974 540 1055 Neque
562 978 590 1033 in
609 994 647 1033 eo
664 973 757 1033 solium
774 974 895 1054 diligens
913 970 986 1045 fuit,

304 1071 336 1115 ut
357 1054 553 1115 accusatorem
569 1052 629 1112 filio
644 1052 695 1112 suo
712 1071 913 1134 compararet;
937 1052 987 1112 sed

306 1139 395 1195 etiarn
415 1136 575 1214 cogitavit,
592 1134 694 1211 quibus
709 1153 777 1193 eum
791 1133 877 1191 rebus
895 1154 989 1191 arma·

308 1232 373 1275 ret:
394 1215 460 1273 hinc
485 1215 562 1273 enim
585 1212 639 1271 illae
658 1211 873 1272 sollicitationes
890 1210 990 1272 servo·

309 1317 374 1355 rum
393 1295 425 1354 &
443 1295 526 1353 minis
546 1294 578 1353 &
595 1295 760 1373 promissis:
777 1293 844 1351 hinc
861 1291 991 1351 illaeinfi·

310 1377 377 1435 nitae
399 1375 658 1454 crudelissimaeque
679 1373 716 1434 de
733 1390 828 1433 morte
845 1371 993 1453 Oppiani·

310 1458 337 1516 ci
364 1453 534 1536 quaestiones
557 1475 567 1527 ;
591 1455 694 1534 quibus
719 1452 807 1514 finem
834 1453 989 1534 aliquando

311 1557 373 1597 non
388 1536 532 1596 muliebris
547 1535 673 1608 modus,
687 1533 736 1593 sed
751 1537 909 1593 amicorum
924 1557 993 1595 auc·

312 1619 413 1675 toritas
429 1616 508 1675 secit.
530 1614 579 1674 Ab
596 1615 704 1674 eodem
714 1613 821 1673 sceiere
835 1614 889 1672 illae
903 1618 994 1674 trien·

314 1699 365 1755 nio
385 1694 450 1775 post
464 1695 568 1753 habitae
589 1694 684 1753 Larini
702 1691 895 1772 quaestiones:
917 1694 993 1772 ejus.

315 1776 384 1835 dem
398 1776 532 1836 amentiae
542 1773 616 1833 falsae
631 1770 856 1851 conscriptiones
868 1775 996 1851 qnaetlio·

316 1877 387 1917 num
404 1877 412 1915 τ
438 1876 475 1917 ex
490 1855 600 1916 eodem
617 1852 715 1912 surore
743 1855 830 1912 eriam
847 1852 895 1910 illa
918 1875 994 1914 con-

316 1936 453 1997 scelerata
469 1935 591 1995 exsectio
612 1935 716 2013 linguae
733 1954 741 1988 ι
760 1935 850 1991 totius
870 1932 996 2015 denique

318 2014 403 2094 hujus
421 2016 458 2075 ab
473 2016 521 2074 illa
538 2012 578 2073 est
592 2014 624 2072 δι
637 2016 783 2083 inventa,
804 2012 837 2072 &
859 2012 997 2077 adornata

319 2096 501 2174 comparatio
518 2094 652 2153 criminis.

365 2194 432 2254 ¹92·
452 2175 551 2255 Atque
568 2175 610 2233 his
627 2174 713 2235 rebus
728 2194 816 2255 quum
836 2171 1000 2240 inllrnsmm

320 2256 516 2319 accusatorem
535 2254 595 2316 filio
615 2254 667 2315 suo
688 2254 817 2315 Romam
834 2254 893 2335 ipsa
910 2257 1001 2318 misis-

322 2338 364 2399 set
379 2384 388 2412 ,
406 2336 569 2419 paulisper,
587 2335 854 2417 conquirendorum
871 2336 905 2394 8(
927 2357 1006 2398 con·

324 2419 524 2478 docendorum
552 2416 667 2477 testium
696 2415 812 2489 causa,
842 2414 935 2476 Larini
960 2415 1003 2480 est

326 2514 522 2558 commorata:
545 2496 645 2577 postea
659 2512 775 2569 autern,
788 2515 878 2576 quarn
890 2517 1005 2578 appro-

327 2580 465 2657 pinquare
481 2575 565 2656 hujus
582 2575 720 2655 judicium
733 2577 761 2635 ei
771 2579 931 2636 nuntiatum
943 2577 1008 2654 est,

330 2655 480 2714 confestim
496 2658 553 2715 hnc
571 2656 720 2715 advolavit
737 2701 747 2729 ‚
769 2677 807 2716 ne
823 2675 872 2716 ant
889 2655 1017 2728 accusas

330 2734 442 2795 toribus
467 2736 638 2817 diligentia,
664 2753 712 2794 aut
737 2738 860 2815 pecunia
888 2735 1009 2802 tellibns

331 2811 462 2883 deeffet3
483 2832 530 2872 aut
548 2836 584 2874 ne
603 2815 677 2874 forte
695 2833 787 2875 mater
805 2817 863 2876 hoc
877 2817 931 2874 sibi
949 2835 1013 2896 op·

329 2896 502 2957 ratissimum
527 2892 717 2973 spectaculum
741 2894 825 2974 hujus
847 2895 1010 2968 sordium,
