2617 4209
308 817 360 881 22
531 805 759 875 Ouarro

303 922 362 984 viri
380 937 508 984 mortem
526 921 582 1005 ipsi
600 918 770 1002 Oppianico
785 917 884 1001 nupsit
905 938 914 979 t
934 898 1000 1003 qua

305 1006 415 1085 nuptia
431 1024 493 1065 non
509 1003 650 1065 dintumae
666 1000 800 1063 fuerunt:
818 1016 901 1061 erant
918 1004 1001 1063 enim

306 1097 370 1146 non
386 1086 564 1145 matrimonii
581 1083 721 1167 dignitate
733 1127 744 1159 ,
754 1080 805 1143 fed
814 1080 930 1145 sceleris
950 1080 1001 1145 so-

307 1167 414 1228 cietate
427 1163 602 1388 conpuncta.

347 1243 449 1306 XIII.
506 1247 579 1308 uid?
595 1244 645 1307 illa
658 1242 752 1305 caedes
767 1240 862 1304 Asinii
877 1241 1002 1305 Larina-

306 1326 345 1387 cis
363 1371 374 1401 ,
393 1325 480 1389 adole
493 1329 584 1389 centis
609 1326 790 1409 pecuniosi,
812 1322 902 1406 quiam
923 1324 1002 1387 clara

282 1421 284 1428 ·
304 1422 391 1480 tum,
406 1411 515 1471 recenti
530 1412 583 1470 re?
603 1406 692 1491 quim
709 1407 842 1468 omnium
860 1401 1001 1469 sermone

307 1487 479 1549 celebrata?
506 1490 573 1550 Fuit
596 1488 712 1551 Auilius
737 1486 855 1568 quidam
878 1484 1001 1548 Larinas

305 1567 422 1650 perditi
438 1570 590 1653 nequitiis,
609 1570 643 1631 dt
656 1567 768 1629 summai
782 1564 932 1663 egestate,
952 1590 1003 1628 ar-

306 1650 490 1791 {initiis
507 1647 1003 1813 {lisinissilslliiss-lq‘i

306 1825 339 1870 ut
354 1809 383 1871 se
398 1811 545 1871 blanditiis
561 1809 842 1873 &assentationibus
857 1811 887 1869 in
905 1809 1005 1873 Asinii

283 1948 288 1967 -.
307 1889 549 1953 consuetudinem
586 1894 679 1953 enitus
695 1889 835 1953 immersit
854 1935 865 1965 ,
885 1888 1005 1973 Oppia·

307 1972 390 2031 nicus
404 1974 545 2033 continui>
560 1914 675 2055 sperare
685 1973 795 2055 coepit,
809 1972 866 2033 hoc
876 1970 906 2031 fe
925 1972 1004 2036 Avia

307 2050 381 2127 lio,
402 2069 552 2137 tamquam
576 2054 670 2138 aliquoi
695 2053 828 2114 machini
851 2051 1004 2130 admoti,

308 2152 415 2213 capere
435 2135 530 2195 Asinii
549 2135 795 2206 adolescentiam,
814 2131 1005 2196 &fortunas

307 2210 372 2293 ejus
390 2219 495 2295 patrias
507 2232 675 2299 expugnare
691 2214 783 2295 posse.
800 2213 888 2273 Ratio
912 2235 1006 2277 exco-

308 2296 400 2377 gitata
420 2296 517 2356 Larini
538 2295 604 2370 est3
624 2314 671 2356 res
690 2292 824 2353 transsata
839 2292 1002 2357 Romam:

308 2377 374 2437 iniri
390 2380 470 2438 enim
481 2377 512 2437 id
528 2376 681 2438 consisrum
698 2373 806 2434 facilius
820 2374 850 2431 in
869 2373 1006 2439 solitudi-

308 2477 376 2531 ne,
401 2458 502 2539 perfici
518 2480 583 2520 rem
603 2455 748 2538 ejusmodi
760 2454 949 2517 commodius
971 2462 1005 2520 in

310 2538 396 2596 turba
421 2536 503 2619 posse
531 2538 659 2598 arbitrati
689 2536 762 2597 sunt.
787 2536 905 2597 Asinius
932 2560 1004 2600 cum

309 2615 413 2679 Avilio
434 2617 562 2677 Romam
582 2616 624 2679 est
642 2616 800 2697 professus.
820 2616 885 2677 Hos
903 2615 1002 2677 vesti-

329 2697 346 2714 ''
389 2694 570 2779 Oppianicus
596 2696 766 2759 consecutus
793 2696 845 2759 est.
873 2696 940 2759 Jam
966 2718 1004 2762 ut

308 2717 414 2839 Rana
430 2780 577 2851 vinerint,
592 2780 695 2862 quibus
714 2780 879 2851 conviviis,
893 2778 1002 2860 quibus

310 2859 445 2941 flagitiis,
458 2862 593 2942 quantis,
614 2861 647 2920 &
663 2860 751 3002 puim
759 2858 1003 3001 sprofusissump-

308 2940 408 3014 tibus,
425 2960 488 3009 non
501 2941 595 3001 modo
608 2963 665 3002 con
679 2945 724 3004 cio
737 2986 747 3016 ,
771 2940 809 3006 ed
822 2943 911 3000 etiam
928 2963 1003 3003 con-

307 3020 379 3081 viva
401 3021 435 3082 dt
453 3018 589 3100 adjutore
605 3022 795 3105 Oppianico,
815 3022 940 3104 longum
958 3024 1003 3087 est

308 3101 381 3163 mihi
399 3101 518 3177 dicere,
536 3102 692 3185 praesertim
709 3103 746 3164 ad
762 3104 815 3164 alia
833 3106 1003 3184 properanss

308 3184 341 3245 ti.
367 3180 485 3243 Exitum
506 3181 591 3266 hujus
607 3185 779 3246 assimulatae
795 3184 1001 3249 familiaritatis

309 3262 488 3347 cognoscite.
711 3274 714 3279 “

353 3363 402 3426 37.
420 3344 524 3429 Quum
544 3344 614 3409 ellet
636 3345 805 3426 adolescens
824 3345 902 3429 apud
927 3370 1000 3411 rnu-
