2617 4209
449 553 555 623 Pno
580 555 618 624 L.
644 557 848 628 ancco.
918 561 993 655 483

354 682 402 748 51.
416 663 518 728 Venio
533 670 570 731 ad
588 660 743 752 Lysaniam
758 667 887 750 ejusdem
900 672 1001 732 civita·

309 745 346 806 tis
356 791 369 818 ,
381 748 557 827 peculiarem
571 766 653 811 tuum
668 797 677 826 ‚
698 751 831 812 Deciane
846 796 857 825 ‚
873 748 1000 824 testem

308 845 449 989 ogerum-:u
467 851 557 911 quum
577 832 726 913 ephebum
745 830 855 892 Temni
873 829 1002 914 cognos-

430 911 527 970 oniam
553 929 582 972 te
606 913 701 972 nudus
724 911 899 984 deledlarat‚
919 912 1000 972 sem·

307 1006 363 1070 per
379 989 490 1050 nudum
502 989 559 1052 elle
572 992 707 1053 voluisti:
720 991 860 1054 abduxisti
877 991 1000 1055 Temno

307 1067 522 1150 Apollonidem
546 1093 554 1132 ι
601 1075 736 1134 ecuniam
770 1070 998 1141 *adolescentulo

308 1149 411 1231 grandi
423 1150 556 1228 foenore‚
587 1154 671 1214 ducii
682 1149 781 1214 t'amen
794 1173 862 1216 acce
884 1154 932 1229 rb,
946 1176 1006 1228 qee

307 1230 474 1310 cupavistie
495 1234 569 1293 hanc
590 1232 726 1295 fiduciam
746 1175 925 1294 commidam
944 1236 998 1296 tibi

307 1311 379 1371 dicis
396 1329 503 1374 :tenes
524 1314 634 1389 hodie,
656 1336 690 1375 ae
707 1315 850 1395 possides.
872 1313 947 1374 Eum
963 1333 999 1377 tu

307 1389 411 1453 restem
431 1392 481 1475 spe
502 1395 692 1475 recuperandi
711 1394 794 1454 fundi
812 1398 923 1474 paterni
942 1414 999 1456 ve·

307 1474 371 1534 nite
394 1472 432 1533 ad
452 1470 648 1538 testimonium
675 1474 831 1536 dicendum
856 1478 911 1535 co'e'
933 1472 999 1551 illi,

307 1555 513 1635 quiquoniam
535 1553 732 1617 testimonium
751 1556 883 1616 nondum
903 1495 998 1631 dixit,

308 1634 449 1714 quidnam
463 1638 500 1696 sit
518 1636 641 1698 dianus
655 1682 665 1711 ,
680 1635 825 1717 exspedlo.
844 1634 926 1698 Novi
941 1656 1000 1719 ge·

307 1734 362 1774 nus
377 1716 546 1791 hominum,
562 1722 635 1780 novi
651 1717 912 1794 consuetudinem,
924 1719 998 1779 novi

307 1794 470 1858 libidinem.
484 1796 607 1879 Itaque,
622 1800 677 1858 etsi
692 1815 804 1871 teneo,
839 1798 888 1857 uid
905 1800 941 1858 sit
955 1799 1000 1858 di-

307 1895 376 1938 cere
393 1895 507 1959 paratus
519 1922 529 1949 ‚
543 1877 613 1950 nihil
631 1893 731 1936 tamen
748 1819 850 1937 contld
868 1877 1000 1958 disputa·
1023 1920 1024 1926 κ

307 1957 350 2035 bo
364 1961 441 2041 prius
454 2003 464 2033 ‚
475 1957 563 2041 quim
581 1958 705 2018 dixerit:
717 1974 813 2017 totum
825 1959 903 2017 enim
921 1980 998 2020 con-

307 2056 424 2114 vertet,
442 2056 529 2122 arque
550 2039 605 2100 alia
619 2037 723 2121 finget.
738 2037 944 2117 Quamobrem
962 2040 998 2100 δι

307 2119 358 2179 ille
377 2118 498 2195 servet,
518 2120 599 2200 quod
617 2120 729 2199 paravit
741 2139 751 2191 ς
764 2119 797 2181 δι
815 2137 873 2200 ego
891 2139 940 2180 me
958 2119 999 2181 ad

308 2199 361 2272 id,
400 2200 460 2260 uod
477 2200 626 2273 attulerit,
638 2202 789 2280 integrum
804 2198 998 2264 conservabo.

309 2312 314 2320 ·
350 2277 380 2337 X
420 2278 465 2339 ΙΙ.
483 2278 582 2340 Venio
598 2299 675 2339 nunc
693 2278 812 2339 adeam
828 2281 996 2355 civitatem,

308 2360 443 2440 inquam
462 2378 519 2442 ego
542 2359 632 2420 multa
651 2360 685 2422 &
705 2357 943 2442 magnelinde,
962 2361 997 2422 &

309 2438 404 2502 officia
417 2441 527 2500 contuli
538 2461 547 2514 ;
561 2441 594 2501 &
608 2461 695 2522 quam
706 2460 788 2500 meus
798 2439 885 2501 frater
896 2442 925 2500 in
936 2443 998 2524 pri·

308 2523 364 2581 mis
380 2521 471 2594 colit,
485 2537 573 2602 atque
586 2520 634 2581 dili
655 2525 677 2581 it
693 2541 700 2579 ε
716 2541 780 2601 quae
793 2522 816 2580 si
830 2523 930 2582 civitas
941 2541 998 2603 per
1022 2584 1023 2587 ,

308 2603 389 2662 viros
405 2602 522 2675 bonos,
542 2543 700 2683 gravedrue
720 2602 997 2684 hominem-quere·

309 2682 351 2742 las
369 2684 406 2743 ad
423 2703 480 2745 vos
502 2680 666 2754 detulillet,
682 2681 772 2762 paulo
789 2701 997 2747 commoverer

308 2764 418 2842 magis:
429 2786 506 2824 nunc
517 2763 593 2824 -verb
610 2761 679 2844 quid
693 2761 816 2842 putem?
829 2761 996 2839 Trallianos

309 2840 475 2904 Maeandrio
504 2842 616 2903 causam
648 2840 820 2905 commisille
840 2889 853 2916 ,
881 2845 995 2906 homini

308 2924 429 3002 egenti,
444 2921 584 2996 sordido,
599 2924 661 2983 sine
677 2925 792 2984 honore
802 2926 886 2997 ,sine
900 2922 997 2986 existi-

308 3003 439 3064 matione
454 3048 463 3078 ,
481 3005 542 3061 sine
559 3002 665 3063 censu?
682 3003 744 3064 Ubi
761 3021 842 3064 erant
857 3005 917 3078 illi,
932 3002 996 3084 Py·

307 3081 451 3177 thodori,
467 3082 618 3160 AEtideni,
636 3083 794 3171 Lepisones
804 3087 919 3229 ,Xceten
935 3083 998 3157 ho,

853 3184 875 3248 ι]
973 3214 974 3218 ,
