2617 4209
397 550 494 618 Pro
521 550 560 619 L.
585 551 786 619 ancco.
828 563 829 567 ’
866 574 938 647 501

258 680 292 730 ut
307 663 364 722 huc
379 665 535 728 verisimile
550 663 614 739 est,
630 668 669 725 ita
680 664 756 724 haud
768 666 924 730 verisimile
933 694 946 745 ,·

258 742 427 814 Decianum
441 768 457 803 a
472 745 578 808 Flacco
597 745 653 807 effe
671 763 848 828 corruptum.

275 850 277 853 ·
301 825 351 904 83.
372 824 416 886 lta
436 825 562 902 scitote,
584 827 722 903 Iudices,
744 825 801 895 effe
823 847 942 893 cetera:

258 907 310 966 vel
333 906 414 987 quod
436 909 476 966 ait
499 909 648 982 Luceius‚
673 908 709 968 L.
734 908 869 970 Flaccum
889 911 948 973 sibi·

259 987 330 1048 dare
346 985 451 1068 cupiffe
463 1033 475 1062 ,
489 1007 521 1050 ut
539 1012 556 1061 a
573 988 677 1050 fidesse
694 989 869 1066 abduceret,
889 991 946 1051 ses-

257 1071 377 1130 tertium
396 1071 496 1131 ricies.
520 1069 558 1130 Et
580 1090 648 1134 eum
667 1086 699 1130 tu
718 1070 829 1136 accusas
848 1074 947 1132 avariss'

258 1150 327 1221 tiae,
348 1169 438 1230 quem
456 1150 526 1217 dicis
541 1151 699 1217 sestertium
715 1153 805 1212 vicies
816 1151 945 1215 *voluisse
1043 1202 1048 1207 .

259 1231 384 1311 perdere
395 1230 406 1291 ἓ
416 1253 484 1290 nam
495 1232 564 1314 quid
575 1233 709 1305 emebat,
720 1254 809 1313 quum
819 1249 848 1294 te
861 1254 945 1294 eme-,-

259 1311 335 1382 bati
351 1328 382 1371 ut
395 1312 472 1372 adse
487 1313 642 1380 transires?
653 1333 740 1394 quam
755 1330 866 1393 partem
878 1336 946 1374 caue

259 1390 296 1452 sre
307 1393 357 1452 tibi
370 1393 522 1462 daremus?
536 1415 592 1468 an,
604 1410 637 1460 ut
650 1396 815 1454 enuntiares
826 1396 949 1464 consilia

260 1472 365 1533 Laelii?
380 1476 430 1558 qui
444 1473 530 1540 testes
544 1475 581 1534 ab
598 1494 636 1535 eo
653 1473 828 1555 prodirent?
839 1472 947 1555 Quid?

260 1575 316 1616 uos
328 1575 390 1614 non
399 1555 570 1622 videbamus
581 1555 711 1618 habitare
723 1554 781 1615 uni
791 1554 802 1614 i
814 1554 876 1638 quis
889 1556 946 1617 hoc

259 1634 377 1697 nescit?
395 1637 505 1698 tabulas
527 1641 557 1698 in
575 1637 655 1698 Laelii
677 1635 821 1719 potestate
844 1635 946 1716 fuiffe,

261 1736 333 1787 num
357 1717 477 1777 dubium
500 1718 564 1791 est?
582 1719 656 1792 An,
677 1738 716 1786 ne
735 1718 947 1795 vehementer,

261 1816 301 1869 rte
323 1797 445 1879 copiose
467 1797 613 1857 accusares
629 1798 640 1856 ?
654 1797 741 1857 Nunc
768 1798 838 1860 facis
857 1799 948 1880 suspi-

262 1881 381 1941 cionem
398 1900 406 1939 :
423 1880 464 1937 ita
483 1881 562 1938 enim
583 1877 694 1950 dixisti,
712 1894 743 1941 ut
766 1876 861 1955 nescio
877 1879 948 1963 quid

261 1961 315 2026 abs
333 1979 363 2021 te
376 1963 564 2040 impetratum
580 1956 637 2031 effe
654 1958 798 2020 videatur.
889 1971 892 1977 ’
954 1997 956 2002 -

269 2072 272 2077 ·
303 2039 476 2100 XXXIV.
496 2040 539 2100 At
562 2041 642 2100 enim
666 2038 803 2100 Androni
825 2039 948 2102 Sextilio

263 2124 360 2203 gravis
376 2118 479 2199 injuria
494 2120 567 2185 farra
590 2119 652 2193 est,
674 2122 707 2180 ὃ(
727 2141 787 2180 non
806 2120 946 2182 ferenda:

263 2202 367 2282 qubd,
382 2223 472 2282 quum
493 2200 563 2262 effer
581 2221 656 2262 uxor
676 2197 739 2280 ejus
759 2200 878 2260 Valeria
900 2203 949 2262 in-

262 2278 368 2342 testati>
381 2298 496 2342 mortua
506 2327 515 2356 ‚
525 2283 564 2340 sic
580 2284 638 2365 egit
650 2301 716 2342 eam
732 2301 794 2341 rem
808 2281 948 2360 Flaccus,

264 2364 344 2445 quasi
356 2362 393 2421 ad
405 2360 497 2442 ipsum
510 2362 653 2424 hereditas
665 2365 833 2444 pertineret.
844 2361 877 2422 ln
907 2384 949 2429 uo

287 2443 336 2512 uid
348 2442 565 2523 reprehendas,
579 2442 650 2504 scire
667 2446 764 2526 cupio.
783 2443 877 2525 Qubd
923 2443 950 2504 l-.

264 2466 327 2586 {ium
343 2523 520 2597 intenderit?
536 2526 586 2606 qui
602 2525 693 2586 do'ces
707 2525 721 2584 i
736 2524 769 2586 In
792 2545 885 2599 enua,
903 2527 950 2585 in·
978 2575 981 2578 ⁴

286 2608 356 2681 uit,
382 2605 445 2666 fuit.
473 2603 505 2666 Ο
529 2607 654 2688 peritum
680 2603 749 2684 juris
771 2547 948 2681 inminenti

301 2687 373 2759 uid?
388 2688 425 2748 ab
444 2689 576 2770 ingenuis
591 2687 756 2752 mulieribus
773 2687 949 2768 hereditates

266 2768 333 2849 lege
343 2789 403 2828 non
413 2769 553 2830 veniunt?
563 2767 598 2828 ln
608 2785 726 2828 manum
737 2771 866 2852 ‚inquit,
878 2789 950 2829 con·

266 2866 398 2920 venerat.
414 2847 500 2909 Nunc
517 2850 603 2918 audio
614 2871 621 2909 ε
632 2848 682 2910 sed
698 2870 814 2931 quaero,
829 2849 898 2920 usu,
909 2869 947 2914 an

266 2929 467 3009 roimptione·
482 2929 544 2988 Usu
561 2952 622 2990 non
638 2933 735 3013 potuit
752 2951 760 2989 r
780 2929 849 2988 nihil
869 2931 949 3001 eninr

267 3009 364 3094 potest
378 3008 415 3068 de
429 3007 518 3067 tutela
536 3008 665 3090 legitima
679 3012 742 3070 sine
757 3011 887 3068 omnium
902 3023 950 3073 tuf

268 3105 366 3177 torum
384 3087 552 3163 audoritate
570 3089 708 3164 deminui.
726 3087 948 3170 Co'e'mptioned
