2617 4209
407 733 465 801 ΙΝ
488 732 527 802 L.
553 731 861 800 cantum.
904 744 973 817 ²4¹

303 842 452 907 consulem
464 843 626 905 interficere
643 858 763 903 conatus
777 864 807 905 es
819 843 830 903 ?
840 857 913 925 quot
925 861 982 923 ego

302 944 366 987 tuas
393 926 548 1007 petitiones
572 928 613 985 ita
639 920 815 1003 conjectas,
843 929 878 983 ut*
899 924 984 987 vitari

302 1003 383 1089 posse
401 1024 463 1066 non
482 1004 666 1078 viderentur,
684 1004 776 1085 parva
792 1005 916 1086 quadam
932 1002 985 1063 de·

301 1087 480 1158 clinatione,
495 1084 528 1146 &
537 1132 549 1159 ‚
559 1102 600 1145 -ut
611 1086 709 1159 aiunt,
723 1096 853 1165 'corfipore
872 1081 983 1165 effugi?

301 1164 385 1228 Nihil
399 1169 480 1248 agis,
495 1166 565 1226 nihil
581 1162 751 1246 affequeris,
766 1165 838 1241 uilul
848 1164 985 1236 'moliris,‘

301 1247 385 1329 quod
400 1248 472 1307 mihi
492 1248 583 1309 latere
598 1247 696 1307 valeat
711 1248 741 1304 iu
761 1262 821 1306 tem
844 1251 916 1306 o're:
930 1264 985 1305 ne-

303 1348 362 1422 que
380 1345 481 1389 tamen
499 1329 577 1389 velle
589 1347 622 1387 ac
641 1328 742 1404 tonari
754 1326 816 1387 desi
840 1330 872 1386 ‘s.
894 1324 985 1406 Quo·

302 1425 359 1469 taes
380 1406 440 1487 jam
457 1407 510 1466 tibi
528 1422 641 1468 extorta
661 1404 702 1466 est
719 1408 776 1465 sica
790 1405 842 1466 ista
862 1406 900 1466 de
920 1426 986 1467 ma·

304 1490 391 1548 nibus
409 1488 421 1547 ,²
439 1489 551 1567 quoties
569 1486 643 1547 verb
660 1485 769 1568 excidit
784 1485 848 1545 casu
865 1486 961 1567 aliquo
970 1498 986 1558 ,'

305 1569 341 1629 &
353 1566 448 1649 elapsa
460 1564 501 1627 est
514 1566 635 1627 ttamen
646 1567 684 1625 el
693 1585 793 1626 carere
810 1566 912 1626 diutius
923 1586 986 1626 non

304 1665 414 1731 potes;
430 1667 494 1728 quae
509 1647 631 1729 'quidem
644 1646 747 1728 qulbus
765 1647 815 1705 abs
835 1661 867 1707 t'e
886 1648 986 1705 initia·

302 1745 335 1789 ta
355 1727 467 1802 sacris,
490 1749 525 1789 ac
549 1727 659 1788 devota
677 1730 713 1786 sit
730 1770 739 1800 ‚
761 1725 857 1789 nescio
874 1769 884 1800 ‚
904 1726 986 1809 qubd

303 1828 372 1870 eam
401 1805 514 1870 neceffe
539 1824 622 1891 putas
648 1806 780 1869 consulis
797 1799 827 1868 in'
857 1827 985 1890 corpore

304 1886 363 1951 defi
386 1908 446 1950 ere.

305 2013 307 2020 ·
346 1909 399 2029 lpl
406 1968 431 2029 1.
448 1967 536 2028 Nunc
554 1969 648 2043 verb,
664 1989 727 2049 quae
744 1983 794 2028 tua
809 1966 851 2028 est
866 1966 916 2029 ista
934 1970 987 2031 vi-'

304 2065 337 2111 ta
356 2049 368 2110 ἓ
384 2050 423 2109 sic
441 2051 519 2110 enim
536 2046 599 2127 jam
615 2065 714 2109 tecum
732 2047 835 2129 loquar
848 2093 860 2122 ‚
875 2069 937 2109 non
954 2063 987 2108 ut

305 2129 379 2192 odio
395 2146 547 2212 permotus
565 2126 622 2189 esse
638 2128 764 2201 videar,
781 2149 845 2208 quo
864 2129 985 2202 debeo,

304 2209 358 2272 sed
376 2227 407 2270 ut
426 2208 638 2282 misericordia,
658 2229 722 2288 quae
734 2209 788 2267 tibi
800 2207 878 2269 nulla
892 2209 987 2269 debe-

305 2308 364 2351 tur.
380 2289 495 2350 Venisti
511 2289 598 2368 paulb
615 2289 682 2346 antt
702 2290 732 2346 in
751 2286 880 2361 senatum
898 2309 906 2348 ε
924 2291 986 2369 quis

305 2386 339 2430 te
365 2388 403 2427 ex
425 2369 480 2429 hac
503 2383 583 2426 tanta
601 2365 645 2427 fre
667 2369 785 2441 nentia,
807 2387 844 2428 ex
867 2384 913 2428 tot
931 2370 988 2432 tuis

307 2448 409 2509 amicis
426 2468 460 2507 ac
475 2445 634 2508 necessariis
645 2388 774 2507 palmavit
785 2446 797 2507 l
808 2447 839 2508 Si
850 2448 908 2509 hoc
921 2448 987 2530 post

306 2529 462 2590 hominum
476 2530 649 2597 memoriam
660 2531 782 2611 contigit
791 2532 900 2589 nemini
911 2542 923 2603 ,'
933 2551 992 2591 vo·

306 2611 349 2670 cis
367 2607 511 2690 exspetlas
524 2609 748 2683 contumeliam,
767 2631 856 2691 quum
874 2613 911 2669 sis
944 2632 991 2670 ra·

306 2692 428 2751 vissimo
450 2688 559 2769 judicio
582 2692 779 2749 taciturnitatis
806 2630 988 2771 opprellfas?

306 2770 390 2850 Quid
403 2814 413 2844 ‚
424 2771 503 2852 quud
511 2771 639 2832 adventu
647 2787 704 2829 -tuo
717 2768 767 2828 ista
786 2768 914 2831 subsellia
935 2793 989 2833 va·

308 2871 363 2911 cua
376 2850 450 2911 falla
465 2851 528 2912 sunt
549 2852 560 2911 ἓ
576 2851 657 2932 qubd
675 2871 779 2911 omnes
795 2851 956 2912 consulares
977 2895 988 2926 ,

307 2932 359 3009 qui
374 2931 561 3014 tibipersaepe
578 2932 614 2991 ad
627 2931 741 2991 caedem
759 2930 903 2992 constituti
919 2929 990 2992 fue-'-

308 3023 396 3079 runt,
417 3012 587 3094 simulatque
611 3010 749 3085 assedisti‚
768 3028 882 3092 partem
907 3010 989 3070 illam

309 3086 508 3152 subselliorum
534 3091 642 3155 nudam
663 3108 749 3176 atque
774 3096 892 3154 inanem
918 3089 991 3167 teli*¹
1045 3029 1105 3158 f

308 3183 449 3251 querunt.
976 3203 979 3210 -

353 3252 455 3328 lomus
480 3256 516 3327 Vp
853 3248 878 3321 L
