2617 4209
385 393 457 463 n6
605 390 831 456 ORATIO

378 525 474 577 num,
500 501 579 581 cujus
602 504 649 563 illa
665 502 813 583 quondam
831 499 960 574 socrus,
987 502 1069 583 pauli

379 586 444 643 anti
467 602 540 643 uxor
558 581 679 655 suisset,
706 602 796 663 quum
821 579 995 661 Oppianici
1019 582 1070 645 esse

379 664 471 744 operi
490 662 681 743 proscriptum
700 660 883 741 occisumque
904 663 1071 744 cognosce·
1086 687 1111 728 ,-

379 762 508 813 ret‚eam
519 744 570 803 sibi
580 744 701 803 domum
711 740 867 821 sedemque
877 740 1019 825 conjugii
1029 745 1071 805 rle·

381 823 470 903 legit,
481 827 511 882 in
522 845 578 903 qua
588 823 719 904 quotidie
729 823 881 903 superioris
900 825 960 881 viri
974 828 1071 885 mortio
1098 889 1101 894 ,

379 904 483 963 indicia
503 905 536 961 &
554 904 644 984 spolia
662 902 997 965 fortunarumvideret.
1110 959 1112 970 ,

426 984 491 1062 189.
509 982 584 1042 lliud
601 988 726 1063 primum
743 1003 868 1063 queror,
883 982 924 1043 de
940 985 999 1045 illo
1015 984 1070 1046 sce

381 1063 464 1136 lere,
482 1065 562 1144 quod
578 1086 654 1125 nunc
671 1065 796 1145 denique
814 1061 1001 1142 patesasium
1016 1064 1069 1138 est,

380 1141 541 1204 Fabriciani
556 1148 681 1206 veneni:
700 1144 780 1225 quod
796 1141 936 1221 jamtum
953 1166 1068 1219 recens,

381 1223 562 1304 suspiciosum
594 1228 698 1286 ceteris
725 1269 736 1297 ‚
762 1225 828 1283 huic
855 1224 1036 1286 incredibile
1061 1263 1069 1299 ,

381 1326 459 1364 nunc
477 1307 549 1366 verb
566 1322 698 1385 apertum
714 1302 773 1384 jam
789 1304 950 1377 omnibus,
964 1328 1004 1366 ac
1016 1327 1071 1366 ma·

382 1383 516 1445 nisestum
533 1386 658 1445 videtur.
685 1383 754 1444 Nou
772 1382 813 1443 est
826 1384 967 1463 profesio
985 1387 1025 1447 de
1041 1388 1071 1445 il·

382 1464 1071 1549 lwmmwmwmfflfflwQ

384 1546 499 1625 pianico
519 1548 580 1605 sine
599 1546 721 1605 consilio
742 1545 867 1624 mulieris
886 1549 1071 1627 cogitatum:

385 1625 465 1705 quod
483 1624 744 1695 nniessbr,cene
762 1623 881 1706 postea,
902 1626 1072 1707 deprehen·

352 1759 354 1763 .
380 1705 418 1777 ¹‚si
438 1726 496 1779 re,
519 1725 584 1765 non
600 1706 648 1766 illa
665 1723 697 1767 ut
714 1708 750 1767 ab
768 1705 905 1785 improbo
926 1711 1000 1769 viro
1026 1707 1073 1769 dis·

386 1784 536 1860 cessisset,
557 1786 607 1847 sed
624 1804 687 1848 uta
704 1786 904 1846 crudelissimo
922 1787 1014 1850 hoste
1031 1788 1073 1849 fu·

408 1864 492 1941 isset,
514 1867 635 1927 domum
657 1867 812 1939 ncillam,
828 1868 857 1924 in
874 1885 931 1944 per
955 1885 1072 1944 eruum,

386 1886 496 2009 scelere
512 1949 593 2008 omni
609 1888 796 2019 assuentem,
816 1946 916 2025 reliqu‘
942 1966 988 2009 et.
1011 1950 1073 2011 Nou

387 2028 481 2088 modo
498 2029 528 2088 id
545 2050 606 2089 non
624 2027 692 2090 fecit
710 2073 720 2102 ‚
741 2027 791 2089 sed
810 2026 915 2086 abillo
938 2045 1074 2113 tempore

336 2144 338 2148 ν
388 2108 1074 2191 ωὼωκωωμωωπὴήηῳοωη

387 2183 538 2246 instrueret
556 2188 671 2246 insidias
689 2188 795 2267 aiiquas
812 2230 821 2258 ,
839 2208 872 2244 ac
888 2188 953 2249 dies
975 2212 1074 2252 omnes

389 2286 424 2326 ac
449 2265 549 2325 nosses
568 2266 631 2327 toti
648 2284 747 2326 mente
768 2284 861 2325 mater
884 2266 923 2327 de
946 2274 1075 2351 pernicie

389 2343 440 2406 filii
450 2349 600 2427 cogitaret.
616 2345 694 2424 Quae
705 2349 847 2426 primum,
862 2363 892 2405 ut
904 2347 997 2412 istum
1010 2374 1075 2413 cou-

390 2423 518 2486 firmaret
552 2423 750 2508 Oppianicum
784 2425 988 2491 accusatorem
1022 2432 1076 2493 filio

391 2502 465 2578 suo,
486 2507 590 2579 donis,
610 2509 796 2580 muneribus,
818 2507 1026 2575 collocatione
1044 2512 1076 2575 fi·

390 2582 456 2654 liae,
471 2584 522 2663 spe
538 2587 704 2647 hereditatis
719 2587 878 2649 obstrinxit.

397 2721 400 2730 ,
433 2662 583 2727 LXVII.
605 2666 706 2748 ltaque
723 2667 800 2749 apud
818 2684 964 2745 ceteros,
995 2676 1079 2736 novis

391 2747 467 2805 inter
478 2749 657 2827 propinquos
667 2747 799 2827 susceptis
812 2750 990 2826 inimicitiis,
1008 2756 1078 2836 saepe

392 2823 455 2888 fieri
468 2827 608 2901 divortia,
623 2846 708 2907 atque
721 2827 889 2888 affinitatum
904 2831 1028 2895 discidia
1045 2839 1080 2894 vi

394 2906 517 2984 demus3
531 2908 591 2972 haec
608 2910 709 2973 mulier
723 2908 785 2972 satis
799 2908 913 2971 firmum
930 2918 1081 2978 accusatu·
