2617 4209
410 746 505 823 Pro
529 751 576 823 A.
603 741 876 822 c‘zrre'rcrto.¹
944 765 991 847 31

311 857 403 931 borno
417 870 448 928 in
465 868 563 949 primis
574 865 760 950 ingeniosus,
778 863 996 928 &indicendo

313 949 500 1010 exercitatus:
521 948 672 1009 accusabat
692 966 791 1009 autem
807 947 857 1008 ille
877 946 1000 1028 quidem

311 1027 520 1091 Scamandrum
537 1029 635 1092 verbis
653 1029 766 1103 tribus,
788 1034 927 1091 Venenum
946 1023 998 1106 ff

310 1110 510 1192 deprehensum.
532 1107 644 1172 Omnia
654 1109 713 1170 tela
732 1110 820 1170 totius
836 1105 999 1169 accusatio-

309 1191 354 1251 nis
366 1193 395 1251 iu
410 1188 609 1332 Oppianicum
623 1188 853 1270 conjiciebanrur
864 1209 871 1247 :
884 1190 999 1270 apetie·

308 1272 393 1333 batur
405 1292 457 1332 cau
470 1293 487 1333 a
502 1272 687 1333 insidiarum:
701 1270 899 1331 Fabriciorum
912 1267 1000 1331 sami·

308 1354 415 1415 liariras
436 1352 739 1415 commemorabatur:
761 1350 889 1412 bominis
913 1352 998 1426 vita,

309 1435 343 1495 δι
362 1432 480 1496 audacia
500 1433 704 1516 proferebatur
723 1431 876 1514 :denique
897 1433 996 1492 omnis

309 1509 453 1575 accusatio
476 1516 556 1576 varie
579 1515 763 1596 graviterque
786 1512 935 1586 tradate,
958 1510 998 1573 ad

311 1611 474 1659 extremum
484 1592 633 1657 manifesti
643 1595 753 1656 veneni
764 1592 999 1675 deprehensione

310 1672 445 1737 conclusa
463 1673 515 1737 est.
820 1719 823 1724 -
948 1672 955 1684 ’

354 1773 402 1837 5¹·
429 1756 487 1817 Hic
508 1773 568 1840 ego
607 1770 677 1817 uum
697 1747 735 1816 ad
757 1745 997 1835 respondendum

308 1828 443 1911 surrexi,
464 1838 521 1919 qud
544 1777 640 1897 cudi
664 1836 703 1897 dii
719 1835 918 1896 immortales!
938 1835 998 1918 qud

308 1916 498 1980 sollicitudine
517 1918 627 1978 animi?
645 1938 705 1999 quo
721 1918 829 1978 timore
847 1919 857 1971 ἓ
874 1915 998 1998 Semper

311 1997 448 2078 equidem
460 2019 568 2079 magno
581 2018 648 2057 cum
665 2013 746 2058 metu
755 1998 862 2077 incipio
882 1996 997 2058 dicere:

310 2076 549 2161 quotiescumque
566 2078 633 2139 dico
645 2121 655 2151 ,
668 2080 757 2139 toties
770 2080 840 2138 mihi
849 2077 953 2139 videor
966 2081 998 2139 itt

309 2155 451 2241 judicium
465 2160 587 2234 venire,
604 2180 667 2219 non
685 2161 716 2219 in
737 2161 795 2220 enii
808 2158 902 2220 sotim
918 2204 928 2234 ,
945 2155 998 2221 sed

310 2241 399 2301 etiam
417 2241 531 2301 virtutis
550 2284 560 2314 ,
581 2258 670 2322 atque
694 2179 809 2313 odricii3
835 2260 873 2300 ne
893 2257 942 2300 aut
967 2239 1000 2302 id

309 2317 440 2402 profiteri
455 2321 557 2382 videar
568 2364 578 2393 ‚
591 2319 673 2399 quod
689 2340 752 2379 non
762 2322 872 2400 possim
889 2320 999 2402 imple-

310 2418 343 2460 re
355 2442 365 2472 ,
377 2396 458 2480 quod
471 2401 512 2460 est
531 2400 719 2480 impudentiae
730 2420 740 2473 ;
756 2415 805 2460 aut
817 2398 847 2458 id
859 2421 919 2460 non
934 2399 999 2464 effi·

310 2498 379 2540 cete
391 2524 402 2554 ,
412 2480 492 2561 quod
505 2483 634 2561 possim,
645 2481 726 2562 quod
737 2480 777 2542 est
787 2498 836 2541 aut
847 2481 995 2563 perfidiae,

308 2577 359 2621 aut
375 2561 573 2644 negligentiae:
590 2580 652 2622 tum
668 2563 741 2624 verb
758 2565 798 2623 ita
808 2560 869 2622 sum
882 2581 997 2646 pertur-

307 2641 411 2715 batus,
427 2660 460 2703 ut
478 2644 577 2703 omnia
595 2646 796 2716 timerem-tsi
813 2643 884 2703 nihil
906 2646 995 2706 dixis-

306 2720 391 2797 sem,
411 2742 448 2784 ne
467 2723 696 2797 infantissimus3
716 2725 740 2784 si
758 2723 849 2784 multa
862 2727 892 2784 in
914 2723 995 2803 ejus-

308 2803 391 2864 modi
407 2801 489 2866 causa
508 2802 660 2881 dixissem,
673 2824 712 2866 ue
728 2803 995 2890 impudentissimus

309 2881 495 2946 existimarer.

348 2961 445 3025 XIX.
478 2963 596 3050 Collegi
613 2986 662 3030 me
683 2965 840 3050 aliquando
860 3011 883 3046 ,Ι
899 2967 934 3030 &
951 2970 994 3032 ita

309 3041 460 3120 constitui,
476 3045 590 3108 sortiter
602 3044 660 3110 esse
678 3047 842 3132 agendum:
859 3045 994 3112 wm-

310 3123 351 3193 ti‚
362 3124 418 3204 qut
432 3141 495 3186 tum
504 3146 582 3189 eram
594 3171 606 3201 ‚
617 3126 711 3192 solere
724 3127 803 3192 laudi
812 3127 872 3198 dari
971 3149 990 3181 r

309 3205 333 3261 si
349 3205 378 3261 in
395 3206 488 3266 mnus
502 3205 590 3268 firmis
604 3211 696 3282 causis
711 3209 855 3272 Ῑιοιιιὶιιιιπ

307 3282 343 3342 lis
360 3304 421 3345 aon
437 3283 604 3350 defuissem:
620 3290 718 3372 inique
733 3289 790 3345 ἐν·
