2617 4209
407 414 506 486 Pno
532 417 570 484 L.
596 417 794 486 Fracco.
871 428 949 510 497

267 526 351 610 quod
375 525 506 590 fecemnt
527 534 557 592 in
582 531 750 595 Castricium
778 547 953 591 mortuum:

264 611 394 691 primum
407 612 480 669 utin
491 633 531 693 op
554 613 634 674 idum
646 612 845 673 introferretur
854 633 864 683 ;
874 612 955 692 quod

268 690 331 749 aliis
352 710 412 749 non
430 635 623 753 conceiitnr:
644 693 773 768 deinde,
791 709 824 753 ut
845 692 956 752 ferrent

267 770 396 852 ephebi:
417 770 588 851 postremb,
605 791 638 833 ut
654 776 694 834 im
718 791 855 835 oneretur
868 794 955 833 aurea

265 869 379 912 corona
392 869 520 915 mortuo.
540 855 613 916 Haec
632 854 666 914 P.
709 856 836 937 cipioni,
856 855 955 914 claris·

266 935 342 992 simo
358 934 443 1006 viro,
460 955 550 1016 quum
565 934 634 998 esset
651 934 784 1019 Pergami
798 952 954 1010 mortuus,

264 1012 343 1073 fabia
360 1034 421 1073 non
434 1012 506 1075 sunt.
527 1016 569 1075 At
582 1014 752 1077 Castricium
764 1017 868 1098 quibus
880 1037 953 1077 vet·-

265 1093 331 1168 bis,
349 1094 389 1153 dii
408 1096 606 1157 immortales!
625 1101 721 1157 Decus
730 1101 850 1179 patrie,
869 1120 956 1157 orna-

263 1191 381 1234 mentum
388 1196 427 1256 po
447 1177 487 1235 uli
496 1179 631 1249 Romani,
633 1180 730 1258 florem
733 1176 889 1258 juventutis
900 1199 954 1257 ap·

265 1256 388 1337 pellant.
444 1277 512 1317 uare
531 1303 542 1329 ,
564 1253 720 1331 Decime,
740 1261 763 1317 si
780 1256 901 1337 cupidus
921 1277 955 1318 ec

261 1336 384 1418 glorie,
404 1336 460 1396 alia
479 1355 650 1399 ornamenta
664 1338 770 1399 censeo
789 1359 910 1418 quaeras.

301 1416 355 1490 ¹76.
372 1413 544 1500 Pergameni
557 1438 586 1481 te
605 1418 771 1480 deriserunt.
792 1418 898 1499 Quid?
918 1433 951 1478 tn

260 1497 325 1556 ludi
346 1514 377 1558 te
399 1519 461 1559 non
481 1501 685 1582 intelligebas,
705 1519 795 1583 quum
813 1500 867 1560 tibi
887 1500 950 1560 haec

263 1580 446 1651 recitabant,
468 1580 656 1639 clarissimum
676 1583 791 1655 virum,
813 1579 953 1661 ptaestan·

263 1661 374 1719 tissimi
389 1657 526 1740 sapientis
544 1705 553 1733 ‚
571 1659 706 1741 singulari
723 1663 859 1741 ingenio:
880 1662 952 1721 milti

262 1741 356 1801 crede
376 1739 547 1813 ,ludebant
568 1760 575 1797 ε
601 1758 690 1821 quum
711 1742 785 1799 verb
810 1753 952 1801 coronam

258 1841 382 1882 auream
401 1820 502 1881 litteris
521 1818 734 1901 imponebant3
756 1822 951 1881 reueratori

260 1903 328 1983 plus
339 1921 438 1961 aurum
450 1902 522 1974 tibi,
538 1901 625 1981 quim
636 1900 803 1958 monedulae
818 1903 953 1961 cotnntit-

261 1983 376 2042 tebant.
402 1981 449 2040 Ne
467 1998 528 2039 tum
542 1981 660 2060 quidem
678 1980 831 2039 hominum
843 1979 953 2042 venus·

208 2095 219 2137 t
260 2078 355 2121 tatem
373 2061 405 2119 &
423 2060 543 2120 facetias
560 2059 722 2140 perspicere
741 2057 879 2139 potuisti?
903 2057 952 2120 lstt

208 2177 220 2218 t
259 2143 371 2225 igitur,
385 2136 428 2198 isti
445 2140 614 2223 Pergameni
626 2138 870 2221 proscriptiones,
882 2159 955 2220 quas

208 2255 219 2300 1
261 2240 297 2283 tu
317 2218 458 2281 asserebas
476 2267 486 2294 ,
510 2220 745 2302 repudiaverunt.
766 2220 798 2280 P.
818 2219 952 2295 Orbius,

208 2321 215 2378 l
256 2306 357 2365 bomo
377 2303 408 2362 8(
423 2302 568 2383 prudens,
582 2303 615 2363 &
631 2304 793 2377 innocens,
808 2319 910 2362 contra
920 2316 951 2364 te

208 2421 212 2450 r
263 2387 363 2447 omnia
385 2384 525 2444 decrevit.

305 2463 453 2525 XXXII.
475 2463 508 2524 In
526 2462 558 2523 P.
579 2458 765 2536 Globulum,
785 2482 884 2523 meum
896 2482 951 2523 ne-

266 2544 440 2620 cellarum,
463 2540 536 2605 fuilli
556 2545 721 2626 gratiosior.
742 2541 871 2604 ¹Utinam
895 2564 952 2604 ne·

263 2645 322 2707 que
341 2625 433 2704 ipsum
450 2670 460 2698 ‚
478 2647 573 2709 neque
588 2646 637 2685 me
660 2628 813 2706 poeniteret
835 2626 844 2683 l
864 2623 966 2683 Flac-‚

263 2726 332 2765 cum
351 2708 381 2764 in
393 2708 495 2763 curia*
507 2704 708 2768 decrevissent.
723 2705 877 2765 Veridicas
896 2701 953 2762 ad-

261 2786 313 2869 jun
335 2787 358 2843 is
383 2782 479 2844 causas
503 2787 744 2858 inimicitiarum,
770 2783 852 2864 qubd
872 2783 955 2862 patri
1031 2791 1038 2806 ¹

258 2868 299 2929 'L
316 2806 433 2939 ilani,
450 2864 523 2923 aedili
535 2868 642 2940 curuli,
656 2885 739 2948 pater
755 2879 841 2938 tuus,
858 2861 952 2922 tribu·
989 2873 992 2878 '

261 2970 316 3012 nus
333 2948 447 3031 plebis,
462 2944 542 3007 diem
558 2946 673 3007 dixerit.
694 2946 736 3008 At
751 2942 845 3022 istud,
857 2943 953 3032 ncip-
