<?xml version="1.0" encoding="UTF-8"?>
<!DOCTYPE html PUBLIC "-//W3C//DTD XHTML 1.0 Transitional//EN"
    "http://www.w3.org/TR/xhtml1/DTD/xhtml1-transitional.dtd">
<html xmlns="http://www.w3.org/1999/xhtml" xml:lang="en" lang="en">
 <head>
  <title>
</title>
<meta http-equiv="Content-Type" content="text/html;charset=utf-8" />
  <meta name='ocr-system' content='tesseract 3.04.00' />
  <meta name='ocr-capabilities' content='ocr_page ocr_carea ocr_par ocr_line ocrx_word'/>
</head>
<body>
  <div class='ocr_page' id='page_1' title='image "./mtulliiciceroni08lallgoog_0124.png"; bbox 0 0 2617 4209; ppageno 0'>
   <div class='ocr_carea' id='block_1_1' title="bbox 384 388 823 481">
    <p class='ocr_par' dir='ltr' id='par_1_1' title="bbox 384 388 823 481">
     <span class='ocr_line' id='line_1_1' title="bbox 384 388 823 481; baseline -0.021 -19"><span class='ocrx_word' id='word_1_1' title='bbox 384 408 458 481; x_wconf 80' lang='lat'>114</span> <span class='ocrx_word' id='word_1_2' title='bbox 607 388 823 457; x_wconf 68' lang='lat' dir='ltr'>Onmo</span> 
     </span>
    </p>
   </div>
   <div class='ocr_carea' id='block_1_2' title="bbox 338 495 1099 2992">
    <p class='ocr_par' dir='ltr' id='par_1_2' title="bbox 376 495 1066 581">
     <span class='ocr_line' id='line_1_2' title="bbox 376 495 1066 581; baseline -0.006 -16"><span class='ocrx_word' id='word_1_3' title='bbox 376 505 475 577; x_wconf 83' lang='lat' dir='ltr'>furto,</span> <span class='ocrx_word' id='word_1_4' title='bbox 494 505 517 563; x_wconf 89' lang='lat' dir='ltr'>si</span> <span class='ocrx_word' id='word_1_5' title='bbox 537 524 597 562; x_wconf 88' lang='lat' dir='ltr'>non</span> <span class='ocrx_word' id='word_1_6' title='bbox 614 521 652 561; x_wconf 87' lang='lat' dir='ltr'>eo</span> <span class='ocrx_word' id='word_1_7' title='bbox 664 500 730 559; x_wconf 87' lang='lat' dir='ltr'>loco</span> <span class='ocrx_word' id='word_1_8' title='bbox 742 544 752 574; x_wconf 91' lang='lat'><strong>,</strong></span> <span class='ocrx_word' id='word_1_9' title='bbox 765 520 824 581; x_wconf 92' lang='lat' dir='ltr'>quo</span> <span class='ocrx_word' id='word_1_10' title='bbox 845 495 978 570; x_wconf 82' lang='lat' dir='ltr'>debuit,</span> <span class='ocrx_word' id='word_1_11' title='bbox 995 500 1066 561; x_wconf 82' lang='lat' dir='ltr'>nein</span> 
     </span>
    </p>

    <p class='ocr_par' dir='ltr' id='par_1_3' title="bbox 376 579 1096 804">
     <span class='ocr_line' id='line_1_3' title="bbox 377 579 1096 663; baseline -0.008 -17"><span class='ocrx_word' id='word_1_12' title='bbox 377 602 507 646; x_wconf 82' lang='lat' dir='ltr'>extrema</span> <span class='ocrx_word' id='word_1_13' title='bbox 523 582 662 663; x_wconf 86' lang='lat' dir='ltr'>quidem,</span> <span class='ocrx_word' id='word_1_14' title='bbox 680 597 729 639; x_wconf 84' lang='lat' dir='ltr'>aut</span> <span class='ocrx_word' id='word_1_15' title='bbox 744 580 869 653; x_wconf 83' lang='lat' dir='ltr'>media,</span> <span class='ocrx_word' id='word_1_16' title='bbox 890 598 944 639; x_wconf 86' lang='lat' dir='ltr'>aut</span> <span class='ocrx_word' id='word_1_17' title='bbox 967 582 1001 639; x_wconf 82' lang='lat' dir='ltr'>io</span> <span class='ocrx_word' id='word_1_18' title='bbox 1023 581 1068 641; x_wconf 88' lang='lat' dir='ltr'>ali·</span> <span class='ocrx_word' id='word_1_19' title='bbox 1091 579 1096 594; x_wconf 90' lang='lat'>&#39;</span> 
     </span>
     <span class='ocr_line' id='line_1_4' title="bbox 376 658 1095 802; baseline -0.004 -78"><span class='ocrx_word' id='word_1_20' title='bbox 376 686 433 747; x_wconf 81' lang='lat' dir='ltr'>qua</span> <span class='ocrx_word' id='word_1_21' title='bbox 451 664 575 802; x_wconf 67' lang='lat' dir='ltr'>pleniqpe</span> <span class='ocrx_word' id='word_1_22' title='bbox 585 677 667 745; x_wconf 84' lang='lat' dir='ltr'>parte</span> <span class='ocrx_word' id='word_1_23' title='bbox 681 658 842 742; x_wconf 81' lang='lat' dir='ltr'>quaestionis</span> <span class='ocrx_word' id='word_1_24' title='bbox 854 704 865 734; x_wconf 88' lang='lat'>‚</span> <span class='ocrx_word' id='word_1_25' title='bbox 876 659 1017 721; x_wconf 82' lang='lat' dir='ltr'>verbum</span> <span class='ocrx_word' id='word_1_26' title='bbox 1028 660 1069 722; x_wconf 78' lang='lat' dir='ltr'>fe·</span> <span class='ocrx_word' id='word_1_27' title='bbox 1091 683 1095 742; x_wconf 51' lang='lat' dir='ltr'>i·</span> 
     </span>
     <span class='ocr_line' id='line_1_5' title="bbox 380 755 1095 804; baseline -0.004 0"><span class='ocrx_word' id='word_1_28' title='bbox 380 763 419 804; x_wconf 87' lang='lat' dir='ltr'>c1t</span> <span class='ocrx_word' id='word_1_29' title='bbox 436 764 454 801; x_wconf 91' lang='lat' dir='ltr'>u</span> <span class='ocrx_word' id='word_1_30' title='bbox 477 760 545 803; x_wconf 83' lang='lat' dir='ltr'>um.</span> <span class='ocrx_word' id='word_1_31' title='bbox 1091 755 1095 786; x_wconf 76' lang='grc' dir='ltr'><strong>ῑ</strong></span> 
     </span>
    </p>

    <p class='ocr_par' dir='ltr' id='par_1_4' title="bbox 379 809 1099 1547">
     <span class='ocr_line' id='line_1_6' title="bbox 418 809 1099 892; baseline -0.003 -9"><span class='ocrx_word' id='word_1_32' title='bbox 418 821 545 883; x_wconf 90' lang='lat' dir='ltr'><strong>LXVI.</strong></span> <span class='ocrx_word' id='word_1_33' title='bbox 569 821 635 883; x_wconf 89' lang='lat' dir='ltr'>Jam</span> <span class='ocrx_word' id='word_1_34' title='bbox 659 818 793 892; x_wconf 84' lang='lat' dir='ltr'>videtis,</span> <span class='ocrx_word' id='word_1_35' title='bbox 820 817 904 879; x_wconf 83' lang='lat' dir='ltr'>illam</span> <span class='ocrx_word' id='word_1_36' title='bbox 928 818 1068 881; x_wconf 81' lang='lat' dir='ltr'>nefariam</span> <span class='ocrx_word' id='word_1_37' title='bbox 1090 809 1099 874; x_wconf 72' lang='lat' dir='ltr'>i</span> 
     </span>
     <span class='ocr_line' id='line_1_7' title="bbox 379 899 1067 984; baseline -0.003 -20"><span class='ocrx_word' id='word_1_38' title='bbox 379 904 551 976; x_wconf 88' lang='lat' dir='ltr'>mulierem,</span> <span class='ocrx_word' id='word_1_39' title='bbox 567 902 682 964; x_wconf 81' lang='lat' dir='ltr'>Iudices</span> <span class='ocrx_word' id='word_1_40' title='bbox 700 946 710 975; x_wconf 94' lang='lat'>‚</span> <span class='ocrx_word' id='word_1_41' title='bbox 729 899 834 960; x_wconf 68' lang='lat' dir='ltr'>eadem</span> <span class='ocrx_word' id='word_1_42' title='bbox 853 920 950 961; x_wconf 85' lang='lat' dir='ltr'><strong>manu</strong></span> <span class='ocrx_word' id='word_1_43' title='bbox 967 946 979 975; x_wconf 91' lang='lat'><strong>,</strong></span> <span class='ocrx_word' id='word_1_44' title='bbox 998 902 1067 984; x_wconf 64' lang='lat' dir='ltr'>qui,</span> 
     </span>
     <span class='ocr_line' id='line_1_8' title="bbox 379 976 1067 1065; baseline 0 -22"><span class='ocrx_word' id='word_1_45' title='bbox 379 986 404 1043; x_wconf 80' lang='lat' dir='ltr'>si</span> <span class='ocrx_word' id='word_1_46' title='bbox 421 983 504 1045; x_wconf 89' lang='lat' dir='ltr'>detur</span> <span class='ocrx_word' id='word_1_47' title='bbox 514 982 640 1065; x_wconf 80' lang='lat' dir='ltr'>potestas</span> <span class='ocrx_word' id='word_1_48' title='bbox 650 1027 661 1056; x_wconf 89' lang='lat'>‚</span> <span class='ocrx_word' id='word_1_49' title='bbox 671 978 833 1042; x_wconf 78' lang='lat' dir='ltr'>interficere</span> <span class='ocrx_word' id='word_1_50' title='bbox 844 976 941 1041; x_wconf 78' lang='lat' dir='ltr'>filium</span> <span class='ocrx_word' id='word_1_51' title='bbox 955 985 1067 1064; x_wconf 70' lang='lat' dir='ltr'>cupiat,</span> 
     </span>
     <span class='ocr_line' id='line_1_9' title="bbox 379 1059 1068 1142; baseline 0.001 -19"><span class='ocrx_word' id='word_1_52' title='bbox 379 1064 454 1125; x_wconf 81' lang='lat' dir='ltr'><strong>hanc</strong></span> <span class='ocrx_word' id='word_1_53' title='bbox 472 1062 569 1124; x_wconf 61' lang='lat' dir='ltr'>{iiiam</span> <span class='ocrx_word' id='word_1_54' title='bbox 623 1061 769 1123; x_wconf 85' lang='lat' dir='ltr'>aestionem</span> <span class='ocrx_word' id='word_1_55' title='bbox 785 1059 1003 1142; x_wconf 70' lang='lat' dir='ltr'>conscripsisse.</span> <span class='ocrx_word' id='word_1_56' title='bbox 1021 1064 1068 1124; x_wconf 77' lang='lat' dir='ltr'>At·</span> 
     </span>
     <span class='ocr_line' id='line_1_10' title="bbox 380 1141 1068 1226; baseline -0.001 -23"><span class='ocrx_word' id='word_1_57' title='bbox 380 1165 439 1226; x_wconf 90' lang='lat' dir='ltr'>que</span> <span class='ocrx_word' id='word_1_58' title='bbox 455 1142 537 1205; x_wconf 86' lang='lat' dir='ltr'>istam</span> <span class='ocrx_word' id='word_1_59' title='bbox 556 1146 585 1226; x_wconf 89' lang='lat' dir='ltr'>ip</span> <span class='ocrx_word' id='word_1_60' title='bbox 599 1164 647 1205; x_wconf 82' lang='lat' dir='ltr'>am</span> <span class='ocrx_word' id='word_1_61' title='bbox 667 1141 852 1225; x_wconf 70' lang='lat' dir='ltr'>questionem</span> <span class='ocrx_word' id='word_1_62' title='bbox 871 1142 992 1217; x_wconf 84' lang='lat' dir='ltr'>dicite,</span> <span class='ocrx_word' id='word_1_63' title='bbox 1014 1145 1068 1226; x_wconf 76' lang='lat' dir='ltr'>quk</span> 
     </span>
     <span class='ocr_line' id='line_1_11' title="bbox 379 1222 1066 1307; baseline -0.006 -22"><span class='ocrx_word' id='word_1_64' title='bbox 379 1225 546 1307; x_wconf 81' lang='lat' dir='ltr'>obsignavit</span> <span class='ocrx_word' id='word_1_65' title='bbox 576 1224 588 1284; x_wconf 68' lang='grc' dir='ltr'><strong><em>ἓ</em></strong></span> <span class='ocrx_word' id='word_1_66' title='bbox 620 1244 711 1283; x_wconf 87' lang='lat' dir='ltr'><strong>unum</strong></span> <span class='ocrx_word' id='word_1_67' title='bbox 737 1222 863 1303; x_wconf 88' lang='lat' dir='ltr'><strong>aliquem</strong></span> <span class='ocrx_word' id='word_1_68' title='bbox 887 1225 1066 1285; x_wconf 79' lang='lat' dir='ltr'>nominate:</span> 
     </span>
     <span class='ocr_line' id='line_1_12' title="bbox 380 1300 1067 1385; baseline -0.001 -19"><span class='ocrx_word' id='word_1_69' title='bbox 380 1308 530 1367; x_wconf 85' lang='lat' dir='ltr'>neminem</span> <span class='ocrx_word' id='word_1_70' title='bbox 552 1306 729 1385; x_wconf 81' lang='lat' dir='ltr'>reperietis,</span> <span class='ocrx_word' id='word_1_71' title='bbox 751 1304 805 1362; x_wconf 84' lang='lat' dir='ltr'>nisi</span> <span class='ocrx_word' id='word_1_72' title='bbox 824 1301 905 1362; x_wconf 64' lang='lat' dir='ltr'>forti</span> <span class='ocrx_word' id='word_1_73' title='bbox 929 1300 1067 1383; x_wconf 82' lang='lat' dir='ltr'>ejusmodi</span> 
     </span>
     <span class='ocr_line' id='line_1_13' title="bbox 379 1382 1067 1464; baseline 0 -18"><span class='ocrx_word' id='word_1_74' title='bbox 379 1386 561 1459; x_wconf 87' lang='lat' dir='ltr'>hominem,</span> <span class='ocrx_word' id='word_1_75' title='bbox 589 1404 678 1464; x_wconf 87' lang='lat' dir='ltr'><strong>quem</strong></span> <span class='ocrx_word' id='word_1_76' title='bbox 703 1402 761 1463; x_wconf 80' lang='lat' dir='ltr'>ego</span> <span class='ocrx_word' id='word_1_77' title='bbox 786 1382 914 1463; x_wconf 85' lang='lat' dir='ltr'>proferri</span> <span class='ocrx_word' id='word_1_78' title='bbox 942 1386 1067 1457; x_wconf 85' lang='lat' dir='ltr'>malim,</span> 
     </span>
     <span class='ocr_line' id='line_1_14' title="bbox 381 1464 803 1547; baseline -0.005 -24"><span class='ocrx_word' id='word_1_79' title='bbox 381 1464 469 1547; x_wconf 67' lang='lat' dir='ltr'>quim</span> <span class='ocrx_word' id='word_1_80' title='bbox 485 1468 632 1525; x_wconf 87' lang='lat' dir='ltr'>neminem</span> <span class='ocrx_word' id='word_1_81' title='bbox 649 1465 803 1523; x_wconf 79' lang='lat' dir='ltr'>nominari.</span> 
     </span>
    </p>

    <p class='ocr_par' dir='ltr' id='par_1_5' title="bbox 381 1540 1071 2025">
     <span class='ocr_line' id='line_1_15' title="bbox 424 1540 1067 1624; baseline 0.008 -22"><span class='ocrx_word' id='word_1_82' title='bbox 424 1544 491 1605; x_wconf 90' lang='lat'>186.</span> <span class='ocrx_word' id='word_1_83' title='bbox 514 1544 598 1623; x_wconf 87' lang='lat' dir='ltr'>Quid</span> <span class='ocrx_word' id='word_1_84' title='bbox 614 1546 674 1615; x_wconf 85' lang='lat' dir='ltr'>ais,</span> <span class='ocrx_word' id='word_1_85' title='bbox 690 1540 731 1602; x_wconf 89' lang='lat' dir='ltr'>T.</span> <span class='ocrx_word' id='word_1_86' title='bbox 752 1540 838 1602; x_wconf 82' lang='lat' dir='ltr'>Atti?</span> <span class='ocrx_word' id='word_1_87' title='bbox 856 1558 889 1602; x_wconf 85' lang='lat' dir='ltr'>tu</span> <span class='ocrx_word' id='word_1_88' title='bbox 909 1546 1067 1624; x_wconf 80' lang='lat' dir='ltr'>periculum</span> 
     </span>
     <span class='ocr_line' id='line_1_16' title="bbox 382 1621 1068 1705; baseline 0.004 -21"><span class='ocrx_word' id='word_1_89' title='bbox 382 1627 504 1705; x_wconf 83' lang='lat' dir='ltr'>capitis,</span> <span class='ocrx_word' id='word_1_90' title='bbox 523 1642 553 1684; x_wconf 86' lang='lat' dir='ltr'>tu</span> <span class='ocrx_word' id='word_1_91' title='bbox 575 1624 711 1683; x_wconf 84' lang='lat' dir='ltr'>indicium</span> <span class='ocrx_word' id='word_1_92' title='bbox 732 1621 865 1697; x_wconf 83' lang='lat' dir='ltr'>sceleris,</span> <span class='ocrx_word' id='word_1_93' title='bbox 885 1640 920 1683; x_wconf 87' lang='lat' dir='ltr'>tu</span> <span class='ocrx_word' id='word_1_94' title='bbox 941 1625 1068 1687; x_wconf 67' lang='lat' dir='ltr'>formio</span> 
     </span>
     <span class='ocr_line' id='line_1_17' title="bbox 381 1700 1069 1784; baseline 0.004 -19"><span class='ocrx_word' id='word_1_95' title='bbox 381 1705 498 1765; x_wconf 84' lang='lat' dir='ltr'>alterius</span> <span class='ocrx_word' id='word_1_96' title='bbox 516 1705 616 1765; x_wconf 75' lang='lat' dir='ltr'>litteris</span> <span class='ocrx_word' id='word_1_97' title='bbox 633 1702 807 1784; x_wconf 81' lang='lat' dir='ltr'>conscriptas</span> <span class='ocrx_word' id='word_1_98' title='bbox 824 1705 853 1762; x_wconf 88' lang='lat' dir='ltr'>in</span> <span class='ocrx_word' id='word_1_99' title='bbox 868 1700 1019 1781; x_wconf 81' lang='lat' dir='ltr'>judicium</span> <span class='ocrx_word' id='word_1_100' title='bbox 1035 1705 1069 1768; x_wconf 78' lang='lat' dir='ltr'>af·</span> 
     </span>
     <span class='ocr_line' id='line_1_18' title="bbox 381 1784 1069 1867; baseline 0.006 -22"><span class='ocrx_word' id='word_1_101' title='bbox 381 1784 457 1846; x_wconf 83' lang='lat' dir='ltr'>feras</span> <span class='ocrx_word' id='word_1_102' title='bbox 470 1807 481 1859; x_wconf 80' lang='lat'><em>3</em></span> <span class='ocrx_word' id='word_1_103' title='bbox 501 1806 597 1867; x_wconf 89' lang='lat' dir='ltr'>neque</span> <span class='ocrx_word' id='word_1_104' title='bbox 610 1805 710 1847; x_wconf 84' lang='lat' dir='ltr'>earum</span> <span class='ocrx_word' id='word_1_105' title='bbox 725 1784 873 1843; x_wconf 58' lang='lat' dir='ltr'>auiiorem</span> <span class='ocrx_word' id='word_1_106' title='bbox 886 1784 1069 1861; x_wconf 78' lang='lat' dir='ltr'>litterarum,</span> 
     </span>
     <span class='ocr_line' id='line_1_19' title="bbox 381 1863 1071 1949; baseline 0.004 -22"><span class='ocrx_word' id='word_1_107' title='bbox 381 1868 750 1949; x_wconf 75' lang='lat' dir='ltr'>nequeobsignatorem,</span> <span class='ocrx_word' id='word_1_108' title='bbox 775 1883 871 1946; x_wconf 86' lang='lat' dir='ltr'>neque</span> <span class='ocrx_word' id='word_1_109' title='bbox 895 1863 1010 1928; x_wconf 83' lang='lat' dir='ltr'>testem</span> <span class='ocrx_word' id='word_1_110' title='bbox 1031 1867 1071 1930; x_wconf 80' lang='lat' dir='ltr'>ul·</span> 
     </span>
     <span class='ocr_line' id='line_1_20' title="bbox 382 1944 1070 2025; baseline 0.003 -18"><span class='ocrx_word' id='word_1_111' title='bbox 382 1946 445 2007; x_wconf 84' lang='lat' dir='ltr'>lum</span> <span class='ocrx_word' id='word_1_112' title='bbox 466 1947 650 2008; x_wconf 72' lang='lat' dir='ltr'>nominabis!</span> <span class='ocrx_word' id='word_1_113' title='bbox 673 1944 723 2017; x_wconf 67' lang='grc' dir='ltr'>ἃ,</span> <span class='ocrx_word' id='word_1_114' title='bbox 741 1964 828 2025; x_wconf 82' lang='lat' dir='ltr'>quam</span> <span class='ocrx_word' id='word_1_115' title='bbox 844 1960 877 2003; x_wconf 95' lang='lat' dir='ltr'>tu</span> <span class='ocrx_word' id='word_1_116' title='bbox 895 1944 1019 2025; x_wconf 83' lang='lat' dir='ltr'>pestem</span> <span class='ocrx_word' id='word_1_117' title='bbox 1034 1949 1070 2009; x_wconf 81' lang='lat' dir='ltr'>in·</span> 
     </span>
    </p>

    <p class='ocr_par' dir='ltr' id='par_1_6' title="bbox 338 2024 1071 2659">
     <span class='ocr_line' id='line_1_21' title="bbox 358 2024 1070 2090; baseline 0.003 -2"><span class='ocrx_word' id='word_1_118' title='bbox 358 2031 361 2037; x_wconf 76' lang='grc'><strong>’</strong></span> <span class='ocrx_word' id='word_1_119' title='bbox 382 2030 591 2090; x_wconf 85' lang='lat' dir='ltr'>nocentissimo</span> <span class='ocrx_word' id='word_1_120' title='bbox 611 2024 672 2085; x_wconf 86' lang='lat' dir='ltr'>filio</span> <span class='ocrx_word' id='word_1_121' title='bbox 684 2046 722 2085; x_wconf 86' lang='lat' dir='ltr'>ex</span> <span class='ocrx_word' id='word_1_122' title='bbox 738 2028 836 2085; x_wconf 84' lang='lat' dir='ltr'>matris</span> <span class='ocrx_word' id='word_1_123' title='bbox 852 2025 917 2085; x_wconf 83' lang='lat' dir='ltr'>sinu</span> <span class='ocrx_word' id='word_1_124' title='bbox 931 2027 974 2088; x_wconf 84' lang='lat' dir='ltr'>de</span> <span class='ocrx_word' id='word_1_125' title='bbox 1000 2050 1070 2090; x_wconf 81' lang='lat' dir='ltr'>rom·</span> 
     </span>
     <span class='ocr_line' id='line_1_22' title="bbox 404 2051 1068 2185; baseline 0.008 -21"><span class='ocrx_word' id='word_1_126' title='bbox 404 2106 470 2167; x_wconf 85' lang='lat' dir='ltr'>seris</span> <span class='ocrx_word' id='word_1_127' title='bbox 489 2151 499 2180; x_wconf 89' lang='lat'>‚</span> <span class='ocrx_word' id='word_1_128' title='bbox 521 2107 640 2167; x_wconf 83' lang='lat' dir='ltr'>banchi</span> <span class='ocrx_word' id='word_1_129' title='bbox 658 2106 730 2164; x_wconf 86' lang='lat' dir='ltr'><strong>tales</strong></span> <span class='ocrx_word' id='word_1_130' title='bbox 743 2108 798 2165; x_wconf 81' lang='lat' dir='ltr'>viri</span> <span class='ocrx_word' id='word_1_131' title='bbox 809 2051 1068 2185; x_wconf 52' lang='lat' dir='ltr'>comprobazunt?</span> 
     </span>
     <span class='ocr_line' id='line_1_23' title="bbox 381 2128 1069 2257; baseline 0.006 -13"><span class='ocrx_word' id='word_1_132' title='bbox 381 2128 453 2244; x_wconf 53' lang='lat' dir='ltr'>Esto</span> <span class='ocrx_word' id='word_1_133' title='bbox 473 2229 483 2257; x_wconf 90' lang='lat'>‚</span> <span class='ocrx_word' id='word_1_134' title='bbox 507 2188 536 2244; x_wconf 89' lang='lat' dir='ltr'>in</span> <span class='ocrx_word' id='word_1_135' title='bbox 561 2184 675 2244; x_wconf 80' lang='lat' dir='ltr'>tabellis</span> <span class='ocrx_word' id='word_1_136' title='bbox 699 2185 769 2242; x_wconf 85' lang='lat' dir='ltr'>nihil</span> <span class='ocrx_word' id='word_1_137' title='bbox 797 2183 837 2244; x_wconf 84' lang='lat' dir='ltr'>est</span> <span class='ocrx_word' id='word_1_138' title='bbox 863 2186 1069 2250; x_wconf 64' lang='lat' dir='ltr'>auiioritotis:</span> 
     </span>
     <span class='ocr_line' id='line_1_24' title="bbox 380 2259 1070 2345; baseline 0.007 -23"><span class='ocrx_word' id='word_1_139' title='bbox 380 2264 453 2344; x_wconf 86' lang='lat' dir='ltr'>quid</span> <span class='ocrx_word' id='word_1_140' title='bbox 462 2266 474 2327; x_wconf 70' lang='grc' dir='ltr'><em>ἔ</em></span> <span class='ocrx_word' id='word_1_141' title='bbox 484 2263 541 2344; x_wconf 85' lang='lat' dir='ltr'>ipsa</span> <span class='ocrx_word' id='word_1_142' title='bbox 552 2262 669 2344; x_wconf 83' lang='lat' dir='ltr'>quaestio</span> <span class='ocrx_word' id='word_1_143' title='bbox 680 2308 689 2334; x_wconf 87' lang='lat'><strong>‚</strong></span> <span class='ocrx_word' id='word_1_144' title='bbox 700 2259 857 2342; x_wconf 80' lang='lat' dir='ltr'>judicibus:</span> <span class='ocrx_word' id='word_1_145' title='bbox 868 2268 969 2345; x_wconf 78' lang='lat' dir='ltr'>quid?</span> <span class='ocrx_word' id='word_1_146' title='bbox 980 2273 1070 2332; x_wconf 74' lang='lat' dir='ltr'>amicis</span> 
     </span>
     <span class='ocr_line' id='line_1_25' title="bbox 338 2343 1071 2439; baseline 0.004 -34"><span class='ocrx_word' id='word_1_147' title='bbox 338 2376 340 2380; x_wconf 52' lang='lat'>&gt;</span> <span class='ocrx_word' id='word_1_148' title='bbox 382 2344 596 2439; x_wconf 76' lang='lat' dir='ltr'>hospitibusque</span> <span class='ocrx_word' id='word_1_149' title='bbox 612 2343 788 2424; x_wconf 82' lang='lat' dir='ltr'>Oppianici,</span> <span class='ocrx_word' id='word_1_150' title='bbox 805 2366 879 2426; x_wconf 84' lang='lat' dir='ltr'>quos</span> <span class='ocrx_word' id='word_1_151' title='bbox 901 2348 1071 2414; x_wconf 72' lang='lat' dir='ltr'>adhibuerat</span> 
     </span>
     <span class='ocr_line' id='line_1_26' title="bbox 382 2424 1070 2515; baseline 0.012 -31"><span class='ocrx_word' id='word_1_152' title='bbox 382 2443 469 2485; x_wconf 74' lang='lat' dir='ltr'>antea</span> <span class='ocrx_word' id='word_1_153' title='bbox 484 2447 492 2484; x_wconf 72' lang='grc' dir='ltr'><strong>ι</strong></span> <span class='ocrx_word' id='word_1_154' title='bbox 510 2426 580 2505; x_wconf 77' lang='lat' dir='ltr'>quid</span> <span class='ocrx_word' id='word_1_155' title='bbox 596 2424 608 2485; x_wconf 65' lang='grc' dir='ltr'><em>ἓ</em></span> <span class='ocrx_word' id='word_1_156' title='bbox 627 2425 694 2483; x_wconf 88' lang='lat' dir='ltr'>huic</span> <span class='ocrx_word' id='word_1_157' title='bbox 712 2424 831 2486; x_wconf 79' lang='lat' dir='ltr'><strong>tandem</strong></span> <span class='ocrx_word' id='word_1_158' title='bbox 846 2428 855 2483; x_wconf 93' lang='lat' dir='ltr'>i</span> <span class='ocrx_word' id='word_1_159' title='bbox 878 2428 902 2485; x_wconf 84' lang='lat' dir='ltr'>si</span> <span class='ocrx_word' id='word_1_160' title='bbox 922 2434 1070 2515; x_wconf 86' lang='lat' dir='ltr'>tempori,</span> 
     </span>
     <span class='ocr_line' id='line_1_27' title="bbox 383 2448 1070 2587; baseline 0.01 -24"><span class='ocrx_word' id='word_1_161' title='bbox 383 2526 434 2564; x_wconf 86' lang='lat' dir='ltr'>cur</span> <span class='ocrx_word' id='word_1_162' title='bbox 446 2527 506 2565; x_wconf 87' lang='lat' dir='ltr'>non</span> <span class='ocrx_word' id='word_1_163' title='bbox 519 2505 665 2567; x_wconf 83' lang='lat' dir='ltr'>reservata</span> <span class='ocrx_word' id='word_1_164' title='bbox 677 2502 739 2565; x_wconf 76' lang='lat' dir='ltr'>esti</span> <span class='ocrx_word' id='word_1_165' title='bbox 758 2507 826 2587; x_wconf 83' lang='lat' dir='ltr'>quid</span> <span class='ocrx_word' id='word_1_166' title='bbox 838 2448 894 2565; x_wconf 70' lang='lat' dir='ltr'>iiis</span> <span class='ocrx_word' id='word_1_167' title='bbox 903 2506 1070 2575; x_wconf 71' lang='lat' dir='ltr'>hominibus</span> 
     </span>
     <span class='ocr_line' id='line_1_28' title="bbox 382 2584 1018 2659; baseline 0.014 -13"><span class='ocrx_word' id='word_1_168' title='bbox 382 2584 489 2646; x_wconf 61' lang='lat' dir='ltr'>sakkum</span> <span class='ocrx_word' id='word_1_169' title='bbox 507 2585 569 2659; x_wconf 80' lang='lat' dir='ltr'>est,</span> <span class='ocrx_word' id='word_1_170' title='bbox 587 2585 746 2657; x_wconf 76' lang='lat' dir='ltr'>Stratone,</span> <span class='ocrx_word' id='word_1_171' title='bbox 767 2588 799 2648; x_wconf 86' lang='lat'><strong>&amp;</strong></span> <span class='ocrx_word' id='word_1_172' title='bbox 818 2586 1018 2654; x_wconf 70' lang='lat' dir='ltr'>Nicostrato?</span> 
     </span>
    </p>

    <p class='ocr_par' dir='ltr' id='par_1_7' title="bbox 383 2665 1074 2992">
     <span class='ocr_line' id='line_1_29' title="bbox 430 2665 1072 2750; baseline 0.009 -26"><span class='ocrx_word' id='word_1_173' title='bbox 430 2665 497 2741; x_wconf 83' lang='lat'>187.</span> <span class='ocrx_word' id='word_1_174' title='bbox 516 2666 629 2745; x_wconf 84' lang='lat' dir='ltr'>Quaero</span> <span class='ocrx_word' id='word_1_175' title='bbox 641 2668 692 2727; x_wconf 86' lang='lat' dir='ltr'>ahs</span> <span class='ocrx_word' id='word_1_176' title='bbox 706 2682 758 2740; x_wconf 89' lang='lat' dir='ltr'>te,</span> <span class='ocrx_word' id='word_1_177' title='bbox 781 2666 974 2750; x_wconf 84' lang='lat' dir='ltr'>Oppianice,</span> <span class='ocrx_word' id='word_1_178' title='bbox 990 2674 1072 2738; x_wconf 79' lang='lat' dir='ltr'>servo</span> 
     </span>
     <span class='ocr_line' id='line_1_30' title="bbox 383 2746 1072 2818; baseline 0.012 -12"><span class='ocrx_word' id='word_1_179' title='bbox 383 2763 436 2806; x_wconf 85' lang='lat' dir='ltr'>tuo</span> <span class='ocrx_word' id='word_1_180' title='bbox 465 2746 631 2807; x_wconf 81' lang='lat' dir='ltr'>Nicostrato</span> <span class='ocrx_word' id='word_1_181' title='bbox 679 2746 728 2807; x_wconf 89' lang='lat' dir='ltr'>uid</span> <span class='ocrx_word' id='word_1_182' title='bbox 748 2747 854 2809; x_wconf 66' lang='lat' dir='ltr'>faiium</span> <span class='ocrx_word' id='word_1_183' title='bbox 881 2749 939 2813; x_wconf 83' lang='lat' dir='ltr'>effe</span> <span class='ocrx_word' id='word_1_184' title='bbox 967 2755 1072 2818; x_wconf 84' lang='lat' dir='ltr'>dicas:</span> 
     </span>
     <span class='ocr_line' id='line_1_31' title="bbox 387 2770 1074 2913; baseline 0.006 -28"><span class='ocrx_word' id='word_1_185' title='bbox 387 2848 476 2907; x_wconf 85' lang='lat' dir='ltr'>quem</span> <span class='ocrx_word' id='word_1_186' title='bbox 491 2844 540 2902; x_wconf 87' lang='lat' dir='ltr'>tu,</span> <span class='ocrx_word' id='word_1_187' title='bbox 559 2849 648 2908; x_wconf 87' lang='lat' dir='ltr'>quum</span> <span class='ocrx_word' id='word_1_188' title='bbox 659 2770 744 2887; x_wconf 54' lang='lat' dir='ltr'>inune</span> <span class='ocrx_word' id='word_1_189' title='bbox 759 2830 842 2891; x_wconf 89' lang='lat' dir='ltr'>brevi</span> <span class='ocrx_word' id='word_1_190' title='bbox 861 2847 1008 2913; x_wconf 78' lang='lat' dir='ltr'>tempore</span> <span class='ocrx_word' id='word_1_191' title='bbox 1030 2858 1074 2897; x_wconf 75' lang='lat' dir='ltr'>ac·</span> 
     </span>
     <span class='ocr_line' id='line_1_32' title="bbox 386 2908 1074 2992; baseline 0.007 -22"><span class='ocrx_word' id='word_1_192' title='bbox 386 2908 528 2971; x_wconf 77' lang='lat' dir='ltr'>cusaturus</span> <span class='ocrx_word' id='word_1_193' title='bbox 549 2908 642 2984; x_wconf 82' lang='lat' dir='ltr'>esses,</span> <span class='ocrx_word' id='word_1_194' title='bbox 664 2909 791 2971; x_wconf 85' lang='lat' dir='ltr'>Romam</span> <span class='ocrx_word' id='word_1_195' title='bbox 811 2911 982 2992; x_wconf 84' lang='lat' dir='ltr'>deducere,</span> <span class='ocrx_word' id='word_1_196' title='bbox 1008 2918 1074 2980; x_wconf 77' lang='lat' dir='ltr'>dare</span> 
     </span>
    </p>
   </div>
   <div class='ocr_carea' id='block_1_3' title="bbox 0 0 1325 4209">
    <p class='ocr_par' dir='ltr' id='par_1_8' title="bbox 0 0 1325 4209">
     <span class='ocr_line' id='line_1_33' title="bbox 0 0 1325 4209; baseline 0 0"><span class='ocrx_word' id='word_1_197' title='bbox 0 0 1325 4209; x_wconf 95' lang='lat' dir='ltr'> </span> 
     </span>
    </p>
   </div>
  </div>
 </body>
</html>
