2617 4209
416 339 473 407 Iu
501 338 539 405 L.
566 339 877 405 Cnrrrrrrnrr.
918 359 989 433 303

309 455 370 514 nim
387 474 509 535 quaero,
529 453 553 511 si
572 456 634 533 quis
654 450 878 533 paterfamilials‚
898 453 995 513 liberis

308 535 363 595 suis
379 558 397 595 a
413 533 496 595 servo
512 532 668 594 interfeffls
678 578 688 604 ‚
699 550 791 595 uxore
810 533 931 608 occisd,
948 534 996 593 iu·

306 614 397 677 censa
424 614 515 674 domo
536 658 546 687 ‚
567 611 738 694 supplicium
760 614 798 676 de
823 614 908 676 servo
934 634 995 673 non

330 694 398 755 ubm
417 694 631 755 acerbissimum
651 692 823 776 sumpserit;
848 697 945 755 utrium
970 696 995 753 is

307 716 438 836 :demens
455 819 466 848 ,
484 795 516 833 ac
535 773 713 846 misericors,
734 797 771 835 an
791 775 994 835 inhumanissi·
1052 819 1056 824 -

305 873 370 916 tuus
389 855 422 915 &
438 853 649 916 crudelissimos
667 853 725 916 effe
742 855 898 917 videatur?
917 855 992 915 mihi

304 936 380 999 verb
397 936 580 1017 importunus
597 957 631 997 ac
646 934 777 1010 ferreus,
793 940 844 1019 qui
861 957 922 997 non
939 935 992 996 do-

303 1015 370 1078 lore
385 1038 419 1076 ac
434 1018 736 1091 cruciatu'nocentis‚
755 1016 834 1077 suum
853 1018 991 1078 dolorem

303 1098 521 1179 cruciatumque
539 1098 663 1158 lenierit.
684 1096 735 1157 Sic
755 1120 809 1159 nos
822 1101 855 1158 in
870 1100 915 1158 lu's
935 1098 993 1158 ho·

304 1179 451 1252 minibus,
467 1180 517 1259 qui
531 1199 585 1238 nos
601 1223 611 1252 ‚
625 1180 676 1260 qui
693 1176 835 1261 conjuges
854 1221 866 1252 ‚
887 1180 937 1259 qni
958 1177 995 1237 li·

302 1257 392 1320 beros
403 1257 519 1320 nostros
534 1258 676 1319 trucidare
688 1259 863 1331 voluerum
875 1260 924 1339 qui
937 1258 994 1316 sin·

301 1340 385 1481 glus
407 1337 624 1421 uniuscujusque
648 1338 775 1399 nostrdm
800 1340 935 1411 domos,
955 1338 991 1398 δι

345 1443 361 1481 c
379 1419 543 1481 universum
558 1421 724 1502 reipublicae
737 1421 916 1481 domicilium
934 1417 992 1478 de-

300 1498 364 1562 lere
381 1504 479 1562 conati
491 1500 578 1574 sunt3
596 1504 644 1581 qui
660 1502 690 1562 id
707 1518 850 1584 egerunt,
867 1518 899 1561 ut
916 1518 990 1580 gen·

300 1596 365 1641 tem
381 1580 579 1660 Allobrogum
596 1583 626 1639 in
642 1581 767 1663 vestigiis
781 1580 866 1661 hujus
882 1583 960 1640 urbis
977 1622 989 1654 ,

301 1674 391 1740 atque
406 1663 436 1718 in
454 1661 549 1719 cinere
566 1658 716 1739 deflagrati
729 1664 843 1741 imperii
860 1661 990 1720 colloca-

299 1756 390 1812 rent3
407 1741 431 1798 si
447 1738 695 1799 vehementissimi
709 1739 867 1811 fuerimus,
880 1738 990 1798 miseri·

299 1820 408 1881 cordes
421 1818 608 1879 habebimur:
618 1821 665 1878 sin
679 1820 856 1879 remissiores
869 1818 925 1881 elle
936 1839 989 1879 vo·

296 1900 456 1974 luerimus,
469 1899 585 1960 summae
596 1899 682 1959 nobis
700 1899 873 1960 crudelitatis
887 1902 918 1959 in
932 1919 989 1978 pa·

299 1983 378 2054 trice,
387 1983 551 2061 civiumque
561 1982 686 2060 pernicie
697 1978 773 2039 fama
781 1979 929 2040 subeunda
937 1975 992 2040 estu

348 2078 395 2139 13.
415 2060 480 2120 Nisi
501 2062 575 2122 verb
596 2062 721 2140 cuipiam
740 2059 776 2121 L.
800 2058 921 2132 Caesar,
942 2059 988 2119 vir

296 2139 497 2218 fortissimus,
517 2142 551 2203 &
570 2142 780 2202 amantissimus
797 2140 960 2223 reipublice
975 2183 991 2214 ,.

297 2222 446 2284 crudelior
473 2221 675 2285 nudiustertius
698 2220 774 2283 visus
799 2220 871 2297 est,
896 2239 986 2304 quum

297 2302 405 2365 sororis
426 2303 502 2380 suae,
524 2303 640 2366 feminae
662 2304 867 2378 eledissimae,
889 2306 988 2363 virum

296 2385 492 2467 praesentem,
511 2386 545 2447 dt
565 2386 733 2447 audientem
752 2430 763 2460 ‚
780 2385 842 2446 vitl
866 2386 991 2466 privan-

296 2465 371 2527 dum
391 2466 448 2530 elle
466 2467 536 2527 dixit
546 2488 557 2543 3
578 2488 669 2549 quum
683 2488 772 2528 avum
790 2462 862 2543 jullu
881 2463 984 2526 consu·

295 2546 334 2608 lis
353 2548 564 2624 interfedum,
589 2547 740 2629 filiumque
763 2544 825 2626 ejus
849 2546 984 2626 impube·
1090 2617 1093 2622 ι

296 2647 383 2701 rem,
399 2631 526 2710 legatum
542 2653 559 2690 a
575 2648 655 2710 patre
673 2628 804 2701 millum,
822 2630 984 2687 incarcere

296 2723 436 2767 necatum
451 2708 507 2769 else
522 2709 610 2770 dixit:
632 2730 777 2792 quorum,
793 2707 873 2788 quod
882 2703 986 2766 simile

294 2786 429 2853 fadum?
449 2788 531 2869 quod
545 2791 647 2863 initum
667 2789 798 2852 delendae
817 2783 984 2867 reipublic·
1011 2825 1114 3126 f

1000 3131 1022 3419 l
