2617 4209
356 804 452 873 Pno
477 803 525 875 A.
552 804 828 876 crurum.
904 821 927 894 5

244 916 352 998 judicia
369 917 429 998 jam
444 918 519 979 facia
531 918 622 977 domo
637 914 821 977 deferemus:
846 915 933 976 dein·

245 1000 285 1059 de
299 1003 419 1081 siquam
438 1001 610 1081 opinionem
627 995 688 1077 jam
706 995 805 1057 vestris
823 1000 932 1058 menti·

244 1080 299 1139 bus
320 1078 609 1163 comprehendistis,
632 1080 655 1138 si
674 1097 740 1139 eam
759 1080 833 1138 ratio
855 1100 932 1138 con-

243 1155 358 1236 vellet,
381 1166 405 1223 si
420 1166 515 1224 oratio
537 1158 720 1221 labefactabit
736 1204 746 1233 ,
762 1160 786 1219 si
805 1158 931 1240 denique

242 1244 351 1303 veritas
367 1243 573 1323 extorquebit3
591 1260 629 1301 ne
645 1242 835 1321 repugnetis,
851 1260 933 1301 eam·

243 1343 303 1404 que
313 1327 415 1384 animis
425 1323 526 1386 vestris
535 1339 582 1382 aut
591 1322 747 1381 libentibus
759 1337 826 1396 ,aut
844 1323 933 1403 aequis

243 1407 418 1465 remittatis:
437 1422 499 1465 tum
522 1420 642 1475 autem,
665 1423 753 1484 quum
778 1422 834 1485 ego
857 1423 934 1461 una·

245 1505 361 1567 quaque
384 1485 422 1546 de
440 1506 472 1546 re
485 1486 599 1558 dicam,
619 1484 652 1542 δι
673 1484 801 1554 diluam,
821 1502 859 1543 ne
878 1485 934 1563 ipsi

245 1587 311 1647 quae
328 1570 471 1625 contraria
487 1566 573 1638 sunt,
590 1563 669 1622 taciti
682 1566 852 1643 cogitationi
868 1562 933 1624 ves·

244 1664 298 1705 trae
315 1644 486 1719 subjiciatis3
505 1645 556 1707 sed
573 1644 610 1703 ad
630 1660 793 1703 extremum
815 1643 935 1725 exspec-

245 1729 333 1801 tetis,
352 1729 384 1787 &
395 1749 442 1789 me
453 1747 550 1787 meum
564 1723 680 1786 dicendi
692 1724 823 1785 ordinem
837 1723 934 1788 serva-

244 1827 277 1867 re
297 1811 468 1887 patiamini:
492 1828 582 1890 quum
605 1826 774 1888 peroraro,
794 1823 884 1883 tum,
908 1807 933 1867 si

245 1888 316 1971 quid
333 1892 386 1950 erit
402 1893 598 1970 praeteritum,
616 1910 633 1947 a
648 1907 696 1948 me
711 1888 870 1969 requiratis.

288 1967 351 2029 111.
373 1969 439 2053 Ego
458 1990 526 2045 me,
543 1969 559 2031 J
562 1970 677 2043 udices,
690 1967 727 2029 ad
741 1988 807 2032 eam
821 1966 932 2029 causam

246 2050 406 2125 accedere,
418 2074 481 2133 quae
497 2050 555 2130 jam
570 2071 624 2131 per
639 2071 731 2111 annos
750 2049 818 2111 offilo
835 2052 933 2111 conti-

245 2151 322 2190 nuos
342 2151 378 2191 ex
399 2135 543 2193 contraria
564 2148 646 2211 parte
668 2132 823 2205 audiatur,
845 2148 932 2212 atque

224 2211 309 2291 lipsi
326 2215 464 2293 opinione
476 2213 627 2273 hominum
644 2212 731 2271 taciti
748 2212 841 2292 prope
859 2234 935 2272 con·

244 2291 323 2352 vicia
342 2314 428 2374 atque
446 2293 582 2352 damnata
601 2292 634 2352 fit
644 2338 655 2365 ,
675 2291 759 2352 facile
779 2293 931 2374 intelligo:

245 2371 319 2444 sed,
338 2377 362 2433 si
378 2377 441 2455 quis
455 2376 525 2433 milri
541 2374 612 2432 deus
628 2370 754 2431 vestram
771 2373 808 2431 ad
822 2393 870 2432 me
882 2393 934 2433 au·

245 2451 388 2513 diendum
406 2453 645 2514 benevolentiam
665 2452 845 2526 conciliarit,
867 2451 935 2513 effi-

249 2534 325 2611 ciam
350 2532 504 2614 profeclb,
524 2550 555 2593 ut
575 2533 741 2615 intelligatis
759 2578 769 2607 ,
786 2533 857 2595 nihil
875 2531 934 2597 elle

246 2614 359 2674 homini
378 2631 437 2674 tam
456 2613 640 2688 timendum,
659 2614 746 2695 quim
764 2614 933 2690 invidiam;

244 2695 319 2755 nihil
335 2698 504 2771 innocenti,
520 2694 647 2776 suscepti
662 2694 789 2769 invidia,
799 2712 860 2755 tam
877 2717 936 2779 op·

245 2776 389 2849 tandum,
409 2777 496 2857 quim
510 2797 625 2857 aequum
634 2774 792 2856 judicium,
807 2776 888 2858 qubd
901 2778 933 2838 in

247 2856 305 2916 hoc
321 2879 381 2917 uno
394 2857 518 2938 denique
531 2856 606 2917 falsae
616 2854 742 2917 infamiae
754 2854 819 2917 finis
830 2857 933 2940 aliquis
949 2915 952 2920 .

245 2954 334 3018 atque
351 2940 442 2998 exitus
459 2940 627 3019 reperiatur.
647 2936 853 3017 Quamobrem

247 3037 305 3155 gna
321 3038 369 3079 me
383 3018 446 3098 spes
456 3036 537 3079 tener
548 3063 558 3092 ,
568 3022 592 3078 si
607 3038 658 3092 ea,
672 3037 736 3099 quae
747 3017 849 3080 suntin
858 3013 926 3082 ocul

263 3117 298 3166 a,
318 3100 479 3179 explicare,
497 3116 583 3180 atque
599 3101 698 3159 omnia
714 3097 839 3160 dicendo
858 3119 912 3164 con

247 3174 329 3254 sequi
349 3180 580 3257 potuero,hunc
600 3179 699 3239 locum
713 3177 856 3242 conteuti
880 3199 882 3203 ’

248 3252 397 3331 vestrum,
413 3279 500 3338 quem
517 3260 559 3320 illi
572 3260 741 3321 horribilem
757 3259 776 3320 l

245 3339 291 3399 tio
309 3380 321 3411 ,
344 3357 379 3399 ac
402 3334 621 3403 formidolosum
642 3339 708 3404 fore
732 3363 756 3480 g·
