2617 4209
381 546 462 625 472
530 598 535 607 .
607 524 917 607 onir-ros.

384 644 422 705 de
460 643 647 719 raedonibus,
674 644 761 726 quim
772 643 869 704 vellet
886 638 980 704 subiri>
1002 638 1068 716 sse

383 666 499 793 cluibus
511 743 761 806 comparaturum:
781 724 907 805 denique
926 723 985 783 hoc
1005 727 1068 804 pri-

382 824 448 866 mus
470 805 557 874 frater
582 827 663 867 meus
689 807 718 865 in
743 804 813 864 Asia
838 803 906 864 fecit
925 849 935 877 ‚
953 821 986 864 ut
1010 805 1067 864 hoc

383 884 498 966 sumptu
519 886 660 969 remigum
685 886 816 946 civitates
839 884 981 945 levaret:
1009 886 1069 944 cri·

383 985 453 1027 rnen
473 985 571 1027 autem
586 985 648 1027 tum
665 966 758 1026 videri
775 964 849 1027 soler
866 1008 876 1038 ,
897 985 988 1045 quum
1011 966 1065 1024 ali-

384 1047 447 1126 quis
464 1044 590 1126 sumptus
605 1046 721 1111 instituit
739 1066 811 1119 eos,
831 1048 880 1125 qui
896 1063 982 1105 antea
1004 1065 1064 1106 nou

386 1143 468 1185 erant
497 1125 613 1186 instituti
628 1170 639 1200 ‚
654 1144 720 1187 non
740 1146 828 1206 quum
852 1123 990 1185 successor
1014 1125 1067 1185 ali·

384 1205 454 1286 quid
470 1208 601 1266 immutat
620 1207 658 1268 de
673 1203 803 1267 institutis
818 1208 958 1286 priorum.
979 1204 1067 1281 Eiac-

384 1304 456 1359 cus,
480 1287 551 1367 quid
569 1287 617 1347 alii
631 1285 732 1367 postea
753 1284 853 1345 faciuri
871 1284 981 1358 effent,
997 1284 1067 1359 scire

384 1385 447 1424 non
487 1384 600 1427 oterar:
620 1367 688 1449 quid
704 1364 851 1439 feciffent,
867 1365 999 1427 videbar.
1062 1410 1065 1415 -

385 1496 389 1504 .
424 1388 501 1506 Xi.
519 1445 604 1521 Sed,
622 1450 761 1530 quoniam
785 1446 823 1506 de
845 1447 995 1508 communi
1021 1462 1068 1506 to·

383 1525 440 1584 tius
457 1525 535 1600 Asiae
551 1530 670 1589 crimine
695 1527 801 1587 didium
821 1523 891 1599 est,
914 1546 950 1606 ag
972 1525 1065 1585 rediar

384 1601 444 1684 jam
469 1607 506 1666 ad
522 1609 645 1689 singulas
668 1608 799 1668 civitates
818 1627 829 1679 ;
847 1626 883 1666 ex
904 1546 1006 1686 quibus
1033 1606 1069 1664 sit

384 1678 451 1746 sant
469 1689 553 1747 nobis
567 1710 660 1768 prima
676 1691 777 1747 civitas
794 1686 1002 1746 Acmonensis.
1017 1682 1069 1745 Ci-

384 1780 427 1824 tat
445 1787 546 1904 praeco
569 1789 647 1829 voce
671 1767 795 1829 maximi
819 1767 930 1861 iegatos
956 1765 1069 1826 Acmo-

385 1865 487 1919 nenos
506 1868 514 1906 ι
554 1847 842 1910 rodeanr.Proced1t
867 1866 940 1907 unus
965 1842 1067 1906 Ascle·

384 1927 495 2006 piades.
546 1931 654 1990 tiamne
672 1949 837 2011 praeconem
857 1927 979 2007 mentiri*
993 1926 1066 1986 co'e'·

384 2004 447 2086 gisti
467 2006 478 2066 i
498 2007 538 2068 est
557 2014 634 2070 enirn
653 2055 665 2083 ‚
685 2009 794 2081 credo,
814 2010 836 2068 is
855 2011 925 2081 vir,
944 2005 1016 2079 iste,
1034 2022 1065 2066 ut

384 2088 507 2146 civitatis
525 2111 634 2150 nomen
656 2090 712 2163 sui.
723 2089 890 2150 audioritate
913 2086 1065 2165 sustineat3

387 2165 538 2228 damnatus
552 2174 720 2250 turpissimis
734 2169 844 2251 judiciis
862 2169 963 2240 domi,
984 2183 1069 2226 nota·

385 2262 433 2307 rus
461 2249 560 2310 litteris
580 2253 700 2331 publicis
720 2273 729 2324 3
756 2248 837 2328 cujus·
859 2249 895 2309 de
922 2248 1067 2328 probris,

383 2327 562 2403 adulteriis,
584 2354 617 2391 ac
640 2331 740 2413 stupris
766 2331 874 2391 exstant
895 2328 1069 2388 Acmonen-

387 2409 461 2467 sium
478 2411 596 2484 litrerae3
614 2434 683 2493 quas
698 2434 755 2493 ego
770 2433 830 2473 non
844 2409 933 2469 solum
950 2428 1068 2491 propter

386 2486 622 2569 longitudinem,
641 2492 792 2552 sedetiam
819 2508 937 2571 propter
959 2490 1066 2570 turpis-

383 2570 488 2641 simam
515 2571 734 2633 obscoenitatem
764 2574 922 2632 verborum
948 2586 1067 2649 praerer·

384 2650 497 2708 cundas
516 2670 598 2731 puto.
623 2652 713 2714 Dixit
737 2653 848 2733 publice
875 2651 940 2709 data
966 2649 1070 2708 drach·

388 2746 500 2787 marum
522 2751 605 2792 ccvr
627 2737 730 2794 millia:
757 2734 825 2791 dixit
845 2733 975 2789 tantum:
999 2727 1071 2788 nrbii

389 2805 534 2882 ostendit,
554 2814 622 2871 nihil
642 2814 778 2893 proruiit:
802 2810 851 2870 sed
872 2808 1002 2889 adjunxit
1023 2808 1072 2884 id,

390 2888 571 2966 quodcerri
591 2937 600 2965 ‚
622 2897 759 2973 quoniam
777 2909 837 2950 erat
859 2888 1072 2963 domesticum,

388 2967 497 3030 docere
519 2972 617 3032 debuit
633 2994 642 3044 3
661 2972 689 3032 se
712 2976 845 3054 privatim
870 2972 1074 3031 drachmarum

390 3065 474 3107 ccv1
486 3055 572 3114 millia
584 3052 700 3113 dedisse.
719 3055 869 3135 Quantum
880 3053 935 3110 sibi
943 3050 1075 3110 ablatum

387 3123 479 3189 homo
491 3130 751 3215 impudentissimus
763 3137 847 3206 dicit,
862 3152 973 3192 tantum
988 3152 1079 3200 numff

388 3224 476 3282 quam
495 3215 536 3277 est
553 3216 655 3294 ausus,
675 3235 705 3279 ut
720 3218 840 3278 haberer
849 3258 860 3290 ‚
876 3230 993 3296 optare.
