2617 4209
353 365 430 456 296
521 353 851 433 OuarroIV'.

354 479 451 559 gerit,
473 498 557 559 aequo
577 482 697 552 animo,
718 488 885 557 paratoque¹
905 474 1010 537 moriar
1026 489 1033 535 t

353 577 448 640 neque
469 560 547 619 enim
565 562 653 642 turpis
672 578 752 618 mors
767 556 839 617 sorti
857 558 925 616 viro
947 556 1035 638 potest

352 639 505 712 accidere,
524 660 619 721 neque
635 642 787 698 immatura
802 636 968 709 consulari,
985 657 1034 708 nec

353 717 455 779 misera
477 719 607 799 sapienti.
631 719 695 780 Nec
715 735 815 779 tamen
836 736 896 799 ego
914 716 975 776 sum
992 718 1033 779 ille

353 797 483 872 ferreus,
499 803 548 881 qui
562 799 654 861 fratris
669 799 825 871 carissimi,
839 814 929 880 atque
943 819 1034 859 aman·

351 879 454 938 tissimi
475 878 620 960 prasentis
644 898 773 941 moerore
802 898 866 938 non
890 891 1032 952 moveat,

343 957 516 1040 ,horumque
543 962 676 1021 omnium
700 959 867 1039 lacrymis,
897 981 914 1019 a
938 959 1031 1039 quibus

199 1117 209 1128 .
252 1095 272 1110 ,.
350 1057 403 1102 me
430 1038 637 1101 crrcumseslurn
661 1040 767 1100 videtis
788 1059 797 1097 τ
822 1057 929 1122 nequa¹
947 1059 1032 1100 mean

350 1121 485 1180 mentem
502 1142 564 1182 non
588 1120 710 1181 domum
728 1118 804 1199 saepe
827 1137 956 1183 revocat
975 1137 1032 1179 exa·

352 1201 462 1261 nimata
479 1221 573 1277 uxor,
591 1199 704 1281 abjeda
719 1204 802 1260 metu'
815 1196 877 1259 lilia
896 1245 907 1274 ,
926 1200 961 1262 δι
978 1220 1032 1281 par-

353 1280 438 1342 vulus
467 1278 541 1341 filius
571 1327 581 1355 ,
614 1301 702 1363 quem
726 1277 798 1339 mihi
828 1279 953 1343 videtur
980 1300 1033 1340 am·

343 1376 345 1379 ’
377 1359 443 1421 letti
468 1360 624 1441 respublica
641 1380 702 1421 ram
724 1381 790 1420 uam
811 1359 952 1421 obsidem
971 1382 1033 1422 cun·

338 1380 456 1518 uitiatis
474 1444 532 1499 mei
554 1461 564 1512 ;
586 1461 681 1521 neque
700 1380 777 1513 iile,
803 1443 854 1520 qui
877 1439 1033 1521 exspedans

351 1518 437 1598 hujus
465 1522 573 1580 exitum
600 1521 687 1595 diei,
716 1518 807 1580 adstat
828 1522 860 1580 in
888 1520 1033 1603 conspedu

352 1619 424 1659 meo
444 1620 554 1682 gener:
574 1621 701 1663 moveor
718 1600 762 1663 his
780 1600 870 1662 rebus
887 1603 1033 1676 omnibus,

351 1677 452 1741 sedin
471 1694 536 1741 cam
557 1699 696 1763 partem,
715 1697 748 1741 ut
772 1679 844 1740 salvi
862 1682 920 1742 sint
945 1681 1034 1744 vobis·

353 1781 421 1821 cum
444 1781 567 1836 omnes,
592 1766 680 1824 etiam
697 1762 720 1821 si
738 1763 783 1821 vis
802 1762 901 1841 aliqua
921 1784 972 1825 me
988 1784 1033 1843 op-

352 1839 503 1921 presserit,
523 1844 646 1922 potius,
674 1840 760 1923 qudm
783 1841 817 1901 &
834 1841 909 1915 illi,
931 1845 966 1904 &
989 1864 1033 1903 nos

355 1925 412 1983 uns
433 1923 597 2002 reipublicae
616 1920 697 2004 peste
712 1942 880 2002 pereamus.

393 2023 424 2077 4.
447 2002 569 2081 Quare,
588 2002 687 2063 Patres
704 2001 878 2082 conscripti,
898 2003 1033 2064 incumbi·

353 2098 384 2142 te
407 2082 445 2142 ad
470 2085 635 2163 reipublicae
660 2084 779 2143 salutem
799 2128 808 2157 ,
830 2083 1031 2167 circumspicite

352 2182 458 2224 omnes
477 2164 619 2243 procellas
638 2209 646 2236 ,
674 2186 738 2244 quae
757 2163 938 2243 impendent
957 2211 966 2239 ,
990 2166 1032 2224 nisi

350 2243 524 2325 provideris.
544 2244 614 2304 Non
630 2244 699 2304 Tib.
720 2242 893 2318 Gracchus,
917 2250 966 2326 qui
984 2247 1031 2304 ite·

350 2342 416 2383 rum
445 2325 582 2385 tribunus·
603 2324 698 2405 plebis
725 2322 786 2383 fieri
813 2325 914 2385 voluit
942 2347 952 2400 ;
983 2345 1032 2384 non

248 2444 253 2451 -
349 2399 391 2463 C.
413 2402 582 2479 Gracchus,
604 2408 651 2487 qui
672 2406 798 2487 agrarios
818 2408 972 2467 concitare
988 2427 1032 2468 co·

350 2498 435 2542 natus
447 2483 505 2556 est3
518 2508 578 2544 non
591 2484 624 2545 L.
636 2485 821 2556 Saturninus,
833 2487 884 2566 qui
897 2486 939 2547 C.
951 2488 1032 2547 Mem·

350 2565 443 2622 mium
462 2566 590 2637 occidit,
609 2568 637 2623 in
656 2564 805 2625 discrimen
828 2568 975 2647 aliquod,
995 2584 1032 2626 at·

352 2663 409 2725 que
432 2646 460 2702 in
478 2641 579 2703 vestrae
600 2644 759 2706 severitatis
780 2644 926 2724 judicium
948 2649 1031 2709 addu-

352 2726 441 2783 citur:
464 2740 598 2784 tenentur
621 2727 672 2800 ii,
696 2728 746 2807 qui
769 2725 806 2785 ad
830 2727 913 2787 urbis
940 2731 1031 2791 incen-

352 2804 429 2865 dium
448 2850 457 2880 ,
479 2805 516 2866 ad
535 2805 660 2871 vestram
680 2808 811 2871 omnium
833 2808 979 2887 caedem,
1004 2807 1032 2871 ad
