2617 4209
313 353 394 428 512
540 322 770 398 Oaarro
852 349 855 354 ·

313 449 417 531 prino,
432 442 590 505 fortissimo
599 444 665 503 viro
675 487 686 516 ,
698 459 880 524 quemquam
893 438 1001 502 bonum

314 541 429 610 putaret
444 545 582 608 umquam
595 544 656 584 non
673 522 819 598 salutem,
830 524 938 582 verum
952 522 1003 583 lro-

314 628 420 669 norem
434 605 525 667 ullum
541 601 772 687 denegaturum?
796 601 830 666 O
845 623 935 664 nona
951 603 1003 664 illa

316 679 501 750 Decembres
521 707 611 768 ,quae
628 730 638 759 ‚
661 704 711 746 me
728 677 875 758 consule,
893 680 1002 744 fuistis!

316 789 406 852 quem
422 788 439 828 e
459 789 479 828 o
494 766 573 829 diem
586 764 659 848 vere
670 757 800 844 natalem
810 761 900 848 lrujus
910 765 1004 842 urhis,

318 865 368 911 aut
389 788 466 910 teng}
483 845 635 908 salutarem
649 839 801 928 appellare
807 841 942 928 pollum.

361 926 454 990 XLI.
479 925 511 990 Ο
530 950 590 989 nox
607 925 682 1002 illa,
704 941 795 1010 quam
811 925 865 989 iste
888 923 1008 998 elldies

319 1007 524 1090 consecutus,
550 1004 641 1069 fausta
664 1007 733 1070 huic
754 1007 825 1068 urbi
844 1008 854 1068 1
880 1004 1009 1068 miserum

321 1111 372 1152 me
389 1135 401 1164 ,
420 1104 520 1152 metuo
542 1109 581 1150 ne
603 1086 718 1150 funesta
735 1088 837 1150 nobis.
866 1085 935 1167 Qui
954 1103 1010 1147 urm

322 1172 436 1232 animus
454 1169 490 1231 L.
507 1167 625 1231 Flacci?
644 1166 744 1250 (nihil
757 1167 859 1230 dicam
879 1168 962 1229 enim
978 1167 1010 1228 de

323 1270 375 1314 me
388 1254 411 1325 )'
422 1252 473 1334 qui
488 1269 572 1314 amor
589 1249 619 1310 ln
637 1249 785 1345 patriam?
806 1270 877 1331 quae
894 1245 1010 1309 virtus?
1074 1303 1077 1324 ,

324 1333 397 1414 quae'
412 1333 538 1416 gravitas
556 1328 682 1392 exstiut?
700 1319 764 1392 Seel
783 1330 859 1413 quid
876 1349 913 1391 ea
934 1349 1010 1390 com·
1074 1331 1077 1392 Ξ

324 1432 463 1474 memoro
481 1456 492 1486 ‚
556 1433 581 1472 ae
603 1427 693 1484 tum,
718 1431 811 1493 quum
830 1411 1010 1492 agebantur,
1073 1441 1077 1450 ·

325 1514 387 1554 uno
406 1487 542 1551 consenu
564 1492 718 1564 omnium,
736 1491 799 1554 una
814 1510 900 1553 voce
921 1489 1013 1574 populi

327 1571 477 1643 Romani,
493 1591 554 1630 uno
572 1570 651 1632 orbis
668 1586 752 1632 terrae
776 1569 973 1647 testimonio,
988 1573 1014 1630 iu

328 1652 438 1714 coelum
458 1651 590 1711 laudibus
610 1647 837 1713 efferebantur?
865 1672 946 1713 nunc
966 1669 1014 1712 ve-

328 1755 418 1809 reor,
438 1752 476 1793 ne
493 1754 555 1793 non
573 1728 664 1793 modo
680 1733 904 1827 non-prosint,
923 1735 1016 1814 uerum

331 1814 420 1876 etiam
436 1811 543 1896 aliquid
553 1814 661 1874 obsint.
679 1809 802 1874 Etemm
813 1813 915 1874 multo
933 1813 1019 1874 acrio·

330 1914 396 1956 nem
409 1894 612 1975 improborum
620 1893 765 1953 interdum
778 1891 1018 1956 memoriamelle

331 1969 443 2048 sentio,
461 1996 548 2056 quam
566 1974 723 2035 horrorum.
742 1972 811 2057 Ego
832 1992 891 2050 te,
917 1979 941 2037 si
994 1972 1020 2031 'd

333 2058 448 2139 gravius
464 2055 619 2127 acciderit,
636 2074 694 2137 ego
712 2071 765 2130 te,
783 2057 814 2115 in
840 2078 934 2132 uam,
950 1995 1023 2117 ffic-

334 2157 391 2211 ce,
405 2135 582 2219 prodidero:
598 2155 665 2195 mea
679 2133 800 2196 dextera
815 2077 895 2214 llla,
911 2159 980 2201 mea
991 2133 1024 2198 fi·

336 2217 411 2291 des,
427 2236 493 2276 mea
510 2214 665 2297 promissa,
682 2237 774 2297 quum
791 2233 847 2292 te,
868 2223 895 2280 si
913 2240 1027 2301 rerupu·

334 2298 442 2358 blicam
454 2295 707 2371 conservarem,
724 2299 865 2359 0mnium
883 2301 1028 2361 honorum

335 2378 492 2458 praesidio‚
534 2378 611 2438 uoad
626 2380 742 2439 viveres
755 2423 765 2450 ‚
778 2400 845 2439 non
855 2377 957 2442 modo
974 2401 1029 2441 rnu-

336 2459 457 2530 nitum‚
480 2400 532 2517 seg
554 2461 642 2518 etiam
660 2475 798 2518 ornatum
817 2458 890 2523 fore
914 2463 1031 2543 pollice·

336 2539 406 2621 bar:
422 2540 543 2618 putavi,
561 2538 691 2619 speravi,
706 2539 830 2599 etiamsi
852 2542 959 2605 honos
972 2564 1032 2604 nos·

337 2635 383 2680 ter
405 2617 490 2678 vobis
507 2618 592 2680 vilior
609 2618 720 2694 sufflet,
741 2617 871 2683 salutem
890 2626 975 2686 certe
994 2646 1034 2685 ca·

338 2721 401 2763 ram
418 2698 554 2759 futuram.

384 2797 450 2855 104.
460 2779 524 2855 At,
540 2778 575 2840 L.
591 2778 728 2840 Flaccum
739 2780 890 2863 quidem,
903 2785 1038 2857 Iudices,

340 2864 363 2920 si
382 2860 491 2943 (quod
509 2861 548 2922 dii
564 2861 745 2925 immortales
764 2884 863 2929 omen
880 2866 1038 2948 avertant)
