2617 4209
479 705 578 778 Pno
602 708 643 778 P.
668 708 841 779 szzA.
923 724 1001 803 425

318 819 352 883 ni
368 818 486 896 studio,
513 823 629 896 virtute,
654 822 821 884 auderitate
846 820 1007 885 incubuerit

320 901 364 961 ad·
376 921 437 962 rem
459 902 583 963 ublicam
597 902 835 964 conservandam.

361 923 471 1041 XXd.
493 980 551 1043 Sed
569 983 662 1065 quid?
679 1004 695 1044 e
717 1006 759 1056 o,
777 986 826 1065 qui
842 980 1000 1043 Catilinam

318 1081 383 1121 non
400 1062 543 1136 laudavi,
568 1066 596 1122 ui
611 1085 665 1125 reo
709 1064 813 1124 atilinae
833 1062 931 1123 oonfirl
944 1085 1008 1123 non·

316 1140 425 1216 adfui,
474 1146 501 1201 ui
523 1086 719 1205 teilimonium
743 1144 780 1205 de
805 1141 1005 1228 conjuratione

316 1221 379 1281 dixi
394 1224 424 1282 in
445 1164 540 1297 aiios,
559 1224 673 1285 adeone
699 1225 784 1285 vobis
805 1225 914 1284 alienus
931 1222 1005 1283 asa·

317 1303 429 1376 nitate,
441 1303 516 1363 adeo
528 1304 633 1363 oblitus
647 1303 812 1365 constantiae
822 1324 915 1375 meae,
927 1303 1003 1365 adeo

315 1384 587 1455 immemorlrerum
606 1406 624 1443 a
641 1402 690 1443 me
729 1382 851 1444 ostarum
877 1382 933 1443 ess'e
956 1387 1004 1443 vi·

319 1462 420 1535 deor,
441 1478 492 1535 ut,
513 1483 602 1543 quum
623 1404 728 1523 consui
744 1461 854 1523 bellurn
873 1461 1005 1543 gesserim

314 1562 384 1601 cum
404 1540 583 1620 conjuratis,
603 1563 680 1603 nunc
699 1562 802 1603 eorum
823 1542 928 1602 ducem
943 1542 999 1603 ser·

314 1642 388 1683 vare
406 1625 542 1703 cupiam,
556 1623 589 1683 &
600 1625 631 1684 in
644 1617 772 1683 anim'um
784 1622 936 1695 inducam,
950 1644 1001 1682 cu-

313 1699 361 1781 jus
375 1723 468 1783 nuper
480 1702 587 1763 sermm
602 1703 781 1777 retuderim,
796 1704 1001 1785 flammamque

313 1780 493 1843 restinxerim
506 1828 516 1856 ,
529 1782 658 1861 ejusdem
675 1801 753 1844 nuno
771 1783 887 1851 causam,
897 1787 1003 1844 vitam·

315 1867 374 1942 qu'e
390 1862 569 1923 defendere?
583 1864 614 1923 si
627 1865 739 1923 medius
749 1863 831 1925 fidius
844 1905 853 1937 ,
865 1862 999 1940 Iudices,

314 1962 379 2001 non
390 1961 439 2001 me
451 1940 511 2021 ipsa
528 1941 684 2021 respublica
695 1987 704 2015 ‚
715 1947 787 2003 meis
804 1945 950 2003 laboribus
966 1947 999 2005 dt

314 2021 449 2103 perieulis
467 2019 656 2092 conservata,
672 2022 708 2079 ad
724 2025 894 2103 gravitatem
913 2026 1000 2084 animi

315 2104 349 2163 &
362 2100 551 2161 constantiam
562 2100 610 2160 sua
623 2103 761 2182 dignitate
775 2119 926 2164 revocaret
938 2124 947 2173 3
958 2122 1003 2164 ta·

314 2201 384 2242 men
403 2182 459 2241 hoc
473 2182 574 2241 naturai
590 2179 630 2242 est
643 2184 779 2255 insitum,
792 2198 847 2253 ut,
861 2203 949 2262 quem
963 2185 1001 2243 ti-

313 2264 421 2323 mueris
435 2307 446 2334 ,
462 2263 579 2343 quicum
601 2261 638 2322 de
656 2264 717 2320 vita
731 2260 906 2342 fortunisque
926 2284 1001 2322 con·

314 2341 463 2415 tenderis,
481 2339 561 2420 cujus
583 2361 620 2401 ex
637 2342 745 2400 insidiis
763 2341 904 2415 evaseris,
921 2342 998 2403 hunc

313 2421 428 2501 semper
444 2421 551 2481 oderis.
574 2418 655 2495 Sed,
676 2443 764 2501 quum
786 2440 886 2503 agatur
902 2423 998 2481 honos

314 2521 398 2562 meus
409 2501 599 2581 amplissimus
612 2548 621 2575 ‚
635 2501 727 2583 gloria
745 2522 839 2562 rerum
856 2501 998 2583 gestarum

262 2582 265 2617 ²
314 2581 462 2663 singularis
476 2601 482 2639 :
498 2595 605 2662 quum,
624 2584 742 2661 quoties
752 2582 899 2665 quisquam
913 2580 995 2643 estin

262 2661 266 2692 ¹
312 2661 371 2722 hoc
396 2661 501 2722 scelere
528 2661 702 2735 convisius,
728 2666 815 2722 toties
842 2678 998 2723 renovetur

312 2746 455 2803 memoria
470 2762 522 2823 per
536 2761 584 2803 me
601 2744 728 2801 inventae
743 2741 855 2802 salutis:
871 2764 928 2825 ego
941 2746 994 2803 sim

264 2827 268 2862 ²
313 2838 374 2880 tam
386 2823 525 2895 demens,
536 2843 592 2905 ego
606 2825 787 2883 committam
799 2868 808 2897 ,
823 2839 853 2883 ut
864 2843 897 2883 ea
909 2869 918 2897 ,
931 2844 994 2904 quae

263 2900 271 2943 ¹
312 2922 369 2982 pro
386 2900 474 2961 salute
494 2908 625 2963 omnium
644 2906 746 2985 gessi,
772 2903 834 2962 casu
855 2906 944 2984 magis
964 2904 996 2961 &

265 2981 271 3040 i
311 2981 450 3042 felicitate
467 3003 484 3040 a
500 3003 570 3054 me,
584 2984 671 3064 quim
688 2986 797 3046 virtute
819 2985 851 3045 &
873 2984 994 3043 consilio

262 3061 270 3103 ¹
311 3060 390 3145 gesta
409 3059 466 3121 effe
484 3061 658 3121 videantur?

354 3141 404 3215 84.
422 3138 505 3219 Quid
523 3141 617 3219 ergo?
638 3142 695 3201 hoc
720 3145 771 3202 tibi
790 3142 895 3212 sumis,
917 3141 994 3199 dicet

262 3219 266 3255 ¹
310 3220 427 3285 sortasse
441 3217 578 3301 quispiam
593 3264 602 3289 ‚
615 3236 668 3289 ut,
681 3225 746 3299 quia
761 3240 789 3279 tu
809 3220 992 3292 defenderis,

309 3308 451 3366 innocens
471 3299 638 3380 judicetur?
654 3298 718 3380 Ego
737 3303 831 3375 vero,
852 3301 866 3360 J
871 3301 965 3360 udices
980 3345 991 3373 ,
