2617 4209
307 823 355 897 18
529 822 759 895 Onarro

303 962 353 1005 me
371 937 593 1013 demonstratis,
611 939 806 1001 vehementer
821 937 880 1002 esse
906 960 996 1003 com·

304 1041 413 1086 motos.
440 1022 514 1102 Quo
536 1019 658 1081 tandem
681 1022 767 1102 igitur
786 1023 887 1083 animo
912 1021 996 1085 fuisse
1040 1077 1043 1084 .

304 1106 370 1167 illos
392 1102 590 1175 arbitramini,
646 1101 710 1161 ibus
724 1101 767 1161 his
783 1102 997 1166 derebusnon
1041 1099 1044 1154 ἷ

304 1185 397 1247 modb
417 1184 594 1246 audiendum
643 1184 691 1255 ἐ,
711 1186 815 1244 veriam
835 1187 928 1247 etiam
945 1183 997 1265 ju·

305 1266 460 1328 dicandum
479 1264 491 1326 i
512 1264 579 1326 Vos
597 1263 699 1323 auditis
712 1263 750 1325 de
765 1284 804 1326 eo
824 1309 835 1340 ,
853 1268 884 1325 in
903 1283 997 1348 quem

304 1344 417 1427 judices
427 1344 562 1408 nonestis
577 1366 584 1405 :
602 1345 640 1405 de
658 1364 813 1427 eo‚quem
824 1367 887 1408 non
907 1347 999 1411 vide·

303 1431 361 1489 tis:
385 1429 422 1489 de
439 1448 478 1489 eo
489 1472 499 1501 ,
509 1447 597 1510 quem
610 1423 700 1487 odiffe
710 1423 841 1505 jamnon
855 1426 997 1509 potestis:

305 1508 343 1570 de
354 1530 392 1572 eo
403 1555 413 1583 ‚
424 1511 474 1590 qui
484 1509 518 1570 δι
531 1524 657 1581 naturae,
669 1507 824 1591 &legibus
837 1506 997 1570 satisfecit:

306 1588 1000 1732 :iiiiii‘ffisstttiff'itattii‘i‘tlit

307 1752 361 1813 bus
376 1775 384 1812 z
402 1752 524 1824 auditis,
541 1770 632 1831 quum
648 1767 684 1809 ea
694 1793 704 1823 ‚
716 1770 780 1831 quat
795 1750 1001 1831 copiosissime

308 1832 366 1892 dici
380 1829 517 1913 possunt,
530 1829 659 1891 breviter
672 1851 689 1889 a
704 1851 752 1891 me
763 1830 940 1913 striciimque
955 1832 1003 1893 di·

308 1932 422 1973 cuntur.
443 1910 487 1972 Illi
501 1910 657 1971 audiebant
671 1909 709 1971 de
719 1931 778 1985 eo,
790 1911 828 1974 de
840 1932 902 1994 quo
914 1910 1004 1992 jurati

308 1992 462 2054 sententias
482 1990 558 2052 serre
578 1990 726 2052 debebant
746 2013 754 2052 ε
778 1991 816 2053 de
833 2011 897 2068 eo,
918 1990 1004 2074 cujus
1043 2043 1045 2048 .

309 2072 457 2156 praesentis
474 2071 616 2133 nefarium
635 2071 912 2134 &consceleratum
930 2075 1005 2136 vul·
1044 2053 1045 2128 i

309 2172 373 2215 tum
391 2154 595 2216 intuebantur:
616 2152 655 2214 de
674 2172 741 2227 eo,
762 2172 849 2235 quem
872 2154 1005 2220 oderant

310 2252 434 2318 propter
457 2235 631 2295 audaciam:
660 2232 698 2292 de
721 2252 782 2306 eo,
807 2252 896 2313 quem
920 2239 1008 2298 omni

311 2315 451 2399 supplicio
466 2314 585 2398 dignum
596 2310 653 2374 esse
665 2311 824 2373 ducebant:
842 2314 1008 2381 audiebant

313 2399 351 2460 ab
368 2396 594 2459 accusatoribus:
613 2393 769 2455 audiebant
785 2393 877 2455 verba
888 2399 1008 2461 multo·

311 2501 377 2540 tum
393 2478 508 2540 testium
526 2499 536 2538 :
554 2476 737 2552 audiebant,
757 2496 848 2559 quum
870 2497 1010 2561 unaqua-

312 2581 370 2656 que
383 2559 421 2620 de
430 2578 490 2620 rea
504 2556 537 2618 P.
554 2555 704 2630 Canutio,
721 2558 843 2618 homine
859 2557 1010 2641 eloquen-

313 2642 449 2712 tissimo,
468 2638 643 2721 graviter&
661 2636 708 2697 diu
725 2637 879 2700 diceretur.

315 2757 318 2764 ·
358 2739 406 2802 30.
427 2718 465 2781 Et
476 2716 517 2780 est
553 2717 699 2800 uisquam,
713 2720 764 2801 qui
779 2717 1010 2802 quumhaecco·

314 2804 479 2897 groverit,
503 2740 635 2941 suspicari
657 2803 777 2882 possit,
801 2800 1008 2883 Oppianicum

313 2884 425 2963 judicio
448 2902 544 2963 oppre
565 2901 615 2942 um
635 2881 919 2943 &circumventum
946 2879 1008 2944 effe

315 2961 530 3027 innocentem?
546 2961 717 3025 Acervatim
731 2960 792 3043 jam
806 2962 937 3044 reliqua,
954 2961 1010 3025 Ju-

317 3045 397 3107 dice:
414 3089 427 3118 ,
447 3044 544 3105 dicam
562 3087 573 3118 ,
590 3058 624 3103 ut
641 3042 679 3102 ad
698 3062 733 3103 ea
751 3088 761 3118 ,
779 3063 843 3124 quae
863 3045 1010 3125 propiora

318 3122 409 3206 hujus.
420 3123 530 3201 causa,
548 3125 581 3186 &
596 3120 776 3204 adjunbiiora
791 3122 875 3195 sunt,
892 3143 1011 3204 perve-

253 3256 256 3263 .
317 3210 407 3271 niam.
436 3205 526 3281 Vos,
545 3202 642 3289 quaeso
660 3250 671 3280 ‚
691 3204 834 3265 memorii
854 3207 1009 3281 teneatis,

267 3303 269 3307 ‘
319 3311 382 3352 non
399 3287 470 3351 mibi
486 3288 544 3348 hoc
563 3284 621 3348 effe
637 3288 821 3369 propositum
837 3327 848 3358 ,
865 3302 898 3346 ut
916 3307 1010 3347 accu-

319 3370 380 3434 sem
398 3369 597 3454 Oppianicum
617 3384 765 3430 mortuum
785 3388 793 3427 :
813 3365 891 3442 sed,
915 3387 1011 3451 quum
