<?xml version="1.0" encoding="UTF-8"?>
<!DOCTYPE html PUBLIC "-//W3C//DTD XHTML 1.0 Transitional//EN"
    "http://www.w3.org/TR/xhtml1/DTD/xhtml1-transitional.dtd">
<html xmlns="http://www.w3.org/1999/xhtml" xml:lang="en" lang="en">
 <head>
  <title>
</title>
<meta http-equiv="Content-Type" content="text/html;charset=utf-8" />
  <meta name='ocr-system' content='tesseract 3.04.00' />
  <meta name='ocr-capabilities' content='ocr_page ocr_carea ocr_par ocr_line ocrx_word'/>
</head>
<body>
  <div class='ocr_page' id='page_1' title='image "./mtulliiciceroni08lallgoog_0465.png"; bbox 0 0 2617 4209; ppageno 0'>
   <div class='ocr_carea' id='block_1_1' title="bbox 445 775 991 878">
    <p class='ocr_par' dir='ltr' id='par_1_1' title="bbox 445 775 991 878">
     <span class='ocr_line' id='line_1_1' title="bbox 445 775 991 878; baseline 0 -20"><span class='ocrx_word' id='word_1_1' title='bbox 445 775 545 858; x_wconf 83' lang='lat' dir='ltr'>Pno</span> <span class='ocrx_word' id='word_1_2' title='bbox 573 779 611 856; x_wconf 81' lang='lat' dir='ltr'>L.</span> <span class='ocrx_word' id='word_1_3' title='bbox 636 789 836 855; x_wconf 68' lang='lat' dir='ltr'>Flacco.</span> <span class='ocrx_word' id='word_1_4' title='bbox 912 777 991 878; x_wconf 79' lang='lat'>&#39;485</span> 
     </span>
    </p>
   </div>
   <div class='ocr_carea' id='block_1_2' title="bbox 307 897 1001 2030">
    <p class='ocr_par' dir='ltr' id='par_1_2' title="bbox 307 897 1001 2030">
     <span class='ocr_line' id='line_1_2' title="bbox 307 897 997 982; baseline -0.004 -19"><span class='ocrx_word' id='word_1_5' title='bbox 307 899 455 977; x_wconf 85' lang='lat' dir='ltr'>fenderit‚</span> <span class='ocrx_word' id='word_1_6' title='bbox 473 901 544 963; x_wconf 86' lang='lat' dir='ltr'>scire</span> <span class='ocrx_word' id='word_1_7' title='bbox 564 902 690 982; x_wconf 87' lang='lat' dir='ltr'>possitis.</span> <span class='ocrx_word' id='word_1_8' title='bbox 713 898 781 960; x_wconf 88' lang='lat' dir='ltr'>Erat</span> <span class='ocrx_word' id='word_1_9' title='bbox 798 903 826 962; x_wconf 86' lang='lat' dir='ltr'>ei</span> <span class='ocrx_word' id='word_1_10' title='bbox 843 897 997 961; x_wconf 77' lang='lat' dir='ltr'>Castricia-</span> 
     </span>
     <span class='ocr_line' id='line_1_3' title="bbox 308 980 997 1063; baseline -0.003 -20"><span class='ocrx_word' id='word_1_11' title='bbox 308 1006 348 1043; x_wconf 88' lang='lat' dir='ltr'>no</span> <span class='ocrx_word' id='word_1_12' title='bbox 371 986 491 1044; x_wconf 88' lang='lat' dir='ltr'>nomine</span> <span class='ocrx_word' id='word_1_13' title='bbox 513 987 604 1056; x_wconf 82' lang='lat' dir='ltr'>irata3</span> <span class='ocrx_word' id='word_1_14' title='bbox 619 983 656 1041; x_wconf 93' lang='lat' dir='ltr'>de</span> <span class='ocrx_word' id='word_1_15' title='bbox 678 1003 738 1063; x_wconf 91' lang='lat' dir='ltr'>quo</span> <span class='ocrx_word' id='word_1_16' title='bbox 759 998 825 1042; x_wconf 91' lang='lat' dir='ltr'>toto</span> <span class='ocrx_word' id='word_1_17' title='bbox 846 980 997 1062; x_wconf 83' lang='lat' dir='ltr'>respondi·</span> 
     </span>
     <span class='ocr_line' id='line_1_4' title="bbox 307 1059 995 1144; baseline 0 -21"><span class='ocrx_word' id='word_1_18' title='bbox 307 1064 506 1125; x_wconf 89' lang='lat' dir='ltr'>Hortensius:</span> <span class='ocrx_word' id='word_1_19' title='bbox 526 1065 616 1123; x_wconf 84' lang='lat' dir='ltr'>invita</span> <span class='ocrx_word' id='word_1_20' title='bbox 634 1062 761 1122; x_wconf 81' lang='lat' dir='ltr'>solverat</span> <span class='ocrx_word' id='word_1_21' title='bbox 780 1059 919 1123; x_wconf 77' lang='lat' dir='ltr'>Castricio</span> <span class='ocrx_word' id='word_1_22' title='bbox 940 1083 995 1144; x_wconf 90' lang='lat' dir='ltr'>pe·</span> 
     </span>
     <span class='ocr_line' id='line_1_5' title="bbox 308 1142 994 1223; baseline -0.003 -18"><span class='ocrx_word' id='word_1_23' title='bbox 308 1148 449 1220; x_wconf 86' lang='lat' dir='ltr'>cuniam,</span> <span class='ocrx_word' id='word_1_24' title='bbox 478 1142 589 1223; x_wconf 83' lang='lat' dir='ltr'>jamdiu</span> <span class='ocrx_word' id='word_1_25' title='bbox 612 1142 740 1204; x_wconf 82' lang='lat' dir='ltr'>debitam</span> <span class='ocrx_word' id='word_1_26' title='bbox 769 1161 776 1200; x_wconf 93' lang='lat'><strong>:</strong></span> <span class='ocrx_word' id='word_1_27' title='bbox 805 1144 871 1203; x_wconf 89' lang='lat' dir='ltr'>hinc</span> <span class='ocrx_word' id='word_1_28' title='bbox 896 1159 994 1203; x_wconf 92' lang='lat' dir='ltr'>totum</span> 
     </span>
     <span class='ocr_line' id='line_1_6' title="bbox 307 1221 996 1306; baseline -0.004 -20"><span class='ocrx_word' id='word_1_29' title='bbox 307 1226 435 1300; x_wconf 89' lang='lat' dir='ltr'>odium,</span> <span class='ocrx_word' id='word_1_30' title='bbox 455 1224 521 1285; x_wconf 89' lang='lat' dir='ltr'>hinc</span> <span class='ocrx_word' id='word_1_31' title='bbox 541 1226 636 1287; x_wconf 89' lang='lat' dir='ltr'>omnis</span> <span class='ocrx_word' id='word_1_32' title='bbox 655 1221 791 1285; x_wconf 85' lang='lat' dir='ltr'>offensio.</span> <span class='ocrx_word' id='word_1_33' title='bbox 812 1223 887 1305; x_wconf 81' lang='lat' dir='ltr'>Qub</span> <span class='ocrx_word' id='word_1_34' title='bbox 905 1245 996 1306; x_wconf 89' lang='lat' dir='ltr'>quum</span> 
     </span>
     <span class='ocr_line' id='line_1_7' title="bbox 308 1304 995 1379; baseline -0.004 -12"><span class='ocrx_word' id='word_1_35' title='bbox 308 1305 430 1368; x_wconf 83' lang='lat' dir='ltr'>venisset</span> <span class='ocrx_word' id='word_1_36' title='bbox 441 1305 545 1366; x_wconf 81' lang='lat' dir='ltr'>Laelius</span> <span class='ocrx_word' id='word_1_37' title='bbox 567 1305 605 1365; x_wconf 89' lang='lat' dir='ltr'>ad</span> <span class='ocrx_word' id='word_1_38' title='bbox 621 1307 709 1365; x_wconf 80' lang='lat' dir='ltr'>iratos</span> <span class='ocrx_word' id='word_1_39' title='bbox 722 1349 732 1379; x_wconf 92' lang='lat'>,</span> <span class='ocrx_word' id='word_1_40' title='bbox 745 1304 778 1365; x_wconf 71' lang='grc' dir='ltr'>ὃ(</span> <span class='ocrx_word' id='word_1_41' title='bbox 792 1304 863 1365; x_wconf 91' lang='lat' dir='ltr'>illud</span> <span class='ocrx_word' id='word_1_42' title='bbox 881 1304 995 1366; x_wconf 60' lang='lat' dir='ltr'>Casiri*</span> 
     </span>
     <span class='ocr_line' id='line_1_8' title="bbox 309 1384 998 1460; baseline -0.004 -13"><span class='ocrx_word' id='word_1_43' title='bbox 309 1390 425 1447; x_wconf 83' lang='lat' dir='ltr'>cianum</span> <span class='ocrx_word' id='word_1_44' title='bbox 440 1387 544 1447; x_wconf 80' lang='lat' dir='ltr'>vulnus</span> <span class='ocrx_word' id='word_1_45' title='bbox 564 1385 690 1446; x_wconf 86' lang='lat' dir='ltr'>dicendo</span> <span class='ocrx_word' id='word_1_46' title='bbox 713 1384 903 1460; x_wconf 77' lang='lat' dir='ltr'>refricuillet3</span> <span class='ocrx_word' id='word_1_47' title='bbox 922 1388 998 1447; x_wconf 80' lang='lat' dir='ltr'>exsi-</span> 
     </span>
     <span class='ocr_line' id='line_1_9' title="bbox 308 1464 997 1547; baseline -0.001 -20"><span class='ocrx_word' id='word_1_48' title='bbox 308 1464 424 1527; x_wconf 86' lang='lat' dir='ltr'>luerunt</span> <span class='ocrx_word' id='word_1_49' title='bbox 441 1468 610 1547; x_wconf 84' lang='lat' dir='ltr'>principes,</span> <span class='ocrx_word' id='word_1_50' title='bbox 625 1486 725 1546; x_wconf 86' lang='lat' dir='ltr'>neque</span> <span class='ocrx_word' id='word_1_51' title='bbox 738 1468 833 1526; x_wconf 84' lang='lat' dir='ltr'>inilia</span> <span class='ocrx_word' id='word_1_52' title='bbox 851 1470 997 1527; x_wconf 81' lang='lat' dir='ltr'>concione</span> 
     </span>
     <span class='ocr_line' id='line_1_10' title="bbox 308 1545 997 1629; baseline -0.004 -21"><span class='ocrx_word' id='word_1_53' title='bbox 308 1548 485 1620; x_wconf 85' lang='lat' dir='ltr'>adfuerunt,</span> <span class='ocrx_word' id='word_1_54' title='bbox 504 1568 600 1629; x_wconf 89' lang='lat' dir='ltr'>neque</span> <span class='ocrx_word' id='word_1_55' title='bbox 619 1549 708 1628; x_wconf 89' lang='lat' dir='ltr'>ipsius</span> <span class='ocrx_word' id='word_1_56' title='bbox 729 1546 840 1607; x_wconf 76' lang='lat' dir='ltr'>decreti</span> <span class='ocrx_word' id='word_1_57' title='bbox 863 1566 896 1605; x_wconf 89' lang='lat' dir='ltr'>ac</span> <span class='ocrx_word' id='word_1_58' title='bbox 916 1545 997 1607; x_wconf 80' lang='lat' dir='ltr'>testi·</span> 
     </span>
     <span class='ocr_line' id='line_1_11' title="bbox 309 1623 998 1708; baseline -0.004 -18"><span class='ocrx_word' id='word_1_59' title='bbox 309 1633 403 1690; x_wconf 88' lang='lat' dir='ltr'>monii</span> <span class='ocrx_word' id='word_1_60' title='bbox 418 1627 549 1689; x_wconf 64' lang='lat' dir='ltr'>nudiores</span> <span class='ocrx_word' id='word_1_61' title='bbox 565 1623 627 1689; x_wconf 82' lang='lat' dir='ltr'>elle</span> <span class='ocrx_word' id='word_1_62' title='bbox 645 1627 802 1689; x_wconf 72' lang='lat' dir='ltr'>voluerunt</span> <span class='ocrx_word' id='word_1_63' title='bbox 822 1648 829 1686; x_wconf 91' lang='lat'><strong>:</strong></span> <span class='ocrx_word' id='word_1_64' title='bbox 848 1626 998 1708; x_wconf 78' lang='lat' dir='ltr'>usqueeb</span> 
     </span>
     <span class='ocr_line' id='line_1_12' title="bbox 310 1707 1001 1789; baseline -0.007 -18"><span class='ocrx_word' id='word_1_65' title='bbox 310 1710 383 1772; x_wconf 87' lang='lat' dir='ltr'>orba</span> <span class='ocrx_word' id='word_1_66' title='bbox 401 1708 454 1770; x_wconf 88' lang='lat' dir='ltr'>fuit</span> <span class='ocrx_word' id='word_1_67' title='bbox 480 1710 517 1769; x_wconf 90' lang='lat' dir='ltr'>ab</span> <span class='ocrx_word' id='word_1_68' title='bbox 542 1710 731 1789; x_wconf 81' lang='lat' dir='ltr'>optimatibus</span> <span class='ocrx_word' id='word_1_69' title='bbox 744 1707 800 1767; x_wconf 77' lang='lat' dir='ltr'>illa</span> <span class='ocrx_word' id='word_1_70' title='bbox 817 1710 947 1781; x_wconf 85' lang='lat' dir='ltr'>concio,</span> <span class='ocrx_word' id='word_1_71' title='bbox 968 1726 1001 1767; x_wconf 86' lang='lat' dir='ltr'>ut</span> 
     </span>
     <span class='ocr_line' id='line_1_13' title="bbox 309 1788 1001 1883; baseline -0.004 -33"><span class='ocrx_word' id='word_1_72' title='bbox 309 1794 443 1883; x_wconf 86' lang='lat' dir='ltr'>princeps</span> <span class='ocrx_word' id='word_1_73' title='bbox 464 1793 626 1871; x_wconf 83' lang='lat' dir='ltr'>principum</span> <span class='ocrx_word' id='word_1_74' title='bbox 645 1788 715 1851; x_wconf 73' lang='lat' dir='ltr'>edet</span> <span class='ocrx_word' id='word_1_75' title='bbox 732 1788 932 1863; x_wconf 79' lang='lat' dir='ltr'>Maeandrius-3</span> <span class='ocrx_word' id='word_1_76' title='bbox 946 1809 1001 1849; x_wconf 83' lang='lat' dir='ltr'>cu-</span> 
     </span>
     <span class='ocr_line' id='line_1_14' title="bbox 310 1868 1001 2009; baseline 0 -78"><span class='ocrx_word' id='word_1_77' title='bbox 310 1893 356 1951; x_wconf 72' lang='lat' dir='ltr'>jus</span> <span class='ocrx_word' id='word_1_78' title='bbox 378 1872 499 2009; x_wconf 53' lang='lat' dir='ltr'>linpud,</span> <span class='ocrx_word' id='word_1_79' title='bbox 518 1875 599 1951; x_wconf 85' lang='lat' dir='ltr'>quasi</span> <span class='ocrx_word' id='word_1_80' title='bbox 619 1870 739 1932; x_wconf 87' lang='lat' dir='ltr'>flabello</span> <span class='ocrx_word' id='word_1_81' title='bbox 760 1868 907 1931; x_wconf 86' lang='lat' dir='ltr'>seditionis</span> <span class='ocrx_word' id='word_1_82' title='bbox 923 1915 933 1945; x_wconf 93' lang='lat'>‚</span> <span class='ocrx_word' id='word_1_83' title='bbox 952 1870 1001 1934; x_wconf 80' lang='lat' dir='ltr'>illa</span> 
     </span>
     <span class='ocr_line' id='line_1_15' title="bbox 311 1954 893 2030; baseline -0.002 -19"><span class='ocrx_word' id='word_1_84' title='bbox 311 1967 410 2011; x_wconf 87' lang='lat' dir='ltr'>turne</span> <span class='ocrx_word' id='word_1_85' title='bbox 450 1955 598 2030; x_wconf 84' lang='lat' dir='ltr'>egentium</span> <span class='ocrx_word' id='word_1_86' title='bbox 618 1954 724 2011; x_wconf 88' lang='lat' dir='ltr'>concio</span> <span class='ocrx_word' id='word_1_87' title='bbox 743 1954 893 2012; x_wconf 82' lang='lat' dir='ltr'>ventilata.</span> 
     </span>
    </p>
   </div>
   <div class='ocr_carea' id='block_1_3' title="bbox 357 2029 1002 2125">
    <p class='ocr_par' dir='ltr' id='par_1_3' title="bbox 357 2029 1002 2125">
     <span class='ocr_line' id='line_1_16' title="bbox 357 2029 1002 2125; baseline 0.003 -36"><span class='ocrx_word' id='word_1_88' title='bbox 357 2048 403 2111; x_wconf 82' lang='lat'>55.</span> <span class='ocrx_word' id='word_1_89' title='bbox 426 2029 528 2123; x_wconf 82' lang='lat' dir='ltr'>Itaque</span> <span class='ocrx_word' id='word_1_90' title='bbox 549 2031 674 2090; x_wconf 84' lang='lat' dir='ltr'>civitatis</span> <span class='ocrx_word' id='word_1_91' title='bbox 694 2029 830 2123; x_wconf 73' lang='lat' dir='ltr'>pudentis</span> <span class='ocrx_word' id='word_1_92' title='bbox 848 2077 872 2125; x_wconf 32' lang='lat'>‚⁶</span> <span class='ocrx_word' id='word_1_93' title='bbox 886 2048 919 2091; x_wconf 91' lang='lat' dir='ltr'>ut</span> <span class='ocrx_word' id='word_1_94' title='bbox 942 2051 1002 2114; x_wconf 87' lang='lat' dir='ltr'>ego</span> 
     </span>
    </p>
   </div>
   <div class='ocr_carea' id='block_1_4' title="bbox 259 2108 1073 3410">
    <p class='ocr_par' dir='ltr' id='par_1_4' title="bbox 259 2108 1073 3410">
     <span class='ocr_line' id='line_1_17' title="bbox 311 2108 1003 2193; baseline -0.003 -20"><span class='ocrx_word' id='word_1_95' title='bbox 311 2111 427 2193; x_wconf 83' lang='lat' dir='ltr'>semper</span> <span class='ocrx_word' id='word_1_96' title='bbox 442 2108 621 2180; x_wconf 78' lang='lat' dir='ltr'>existimavi,</span> <span class='ocrx_word' id='word_1_97' title='bbox 635 2111 668 2169; x_wconf 89' lang='lat'>&amp;</span> <span class='ocrx_word' id='word_1_98' title='bbox 685 2130 780 2191; x_wconf 78' lang='lat' dir='ltr'>gravis</span> <span class='ocrx_word' id='word_1_99' title='bbox 791 2128 848 2181; x_wconf 88' lang='lat' dir='ltr'>,ut</span> <span class='ocrx_word' id='word_1_100' title='bbox 863 2114 918 2192; x_wconf 81' lang='lat' dir='ltr'>apsi</span> <span class='ocrx_word' id='word_1_101' title='bbox 932 2109 1003 2171; x_wconf 82' lang='lat' dir='ltr'>exis·</span> 
     </span>
     <span class='ocr_line' id='line_1_18' title="bbox 312 2188 1004 2273; baseline -0.003 -20"><span class='ocrx_word' id='word_1_102' title='bbox 312 2196 408 2253; x_wconf 84' lang='lat' dir='ltr'>rimari</span> <span class='ocrx_word' id='word_1_103' title='bbox 424 2193 552 2264; x_wconf 88' lang='lat' dir='ltr'>volunt,</span> <span class='ocrx_word' id='word_1_104' title='bbox 572 2188 678 2269; x_wconf 88' lang='lat' dir='ltr'>justum</span> <span class='ocrx_word' id='word_1_105' title='bbox 701 2190 836 2249; x_wconf 83' lang='lat' dir='ltr'>dolorem</span> <span class='ocrx_word' id='word_1_106' title='bbox 855 2192 1004 2273; x_wconf 86' lang='lat' dir='ltr'>querelas·-</span> 
     </span>
     <span class='ocr_line' id='line_1_19' title="bbox 334 2270 1004 2355; baseline 0 -22"><span class='ocrx_word' id='word_1_107' title='bbox 334 2295 370 2335; x_wconf 90' lang='lat' dir='ltr'>ue</span> <span class='ocrx_word' id='word_1_108' title='bbox 388 2272 565 2355; x_wconf 79' lang='lat' dir='ltr'>cognoscite.</span> <span class='ocrx_word' id='word_1_109' title='bbox 585 2270 663 2350; x_wconf 85' lang='lat' dir='ltr'>Quae</span> <span class='ocrx_word' id='word_1_110' title='bbox 680 2272 803 2351; x_wconf 90' lang='lat' dir='ltr'>pecunia</span> <span class='ocrx_word' id='word_1_111' title='bbox 824 2271 909 2333; x_wconf 87' lang='lat' dir='ltr'>fuerit</span> <span class='ocrx_word' id='word_1_112' title='bbox 924 2273 1004 2355; x_wconf 87' lang='lat' dir='ltr'>apud</span> 
     </span>
     <span class='ocr_line' id='line_1_20' title="bbox 311 2296 1005 2434; baseline -0.003 -19"><span class='ocrx_word' id='word_1_113' title='bbox 311 2296 342 2416; x_wconf 62' lang='lat' dir='ltr'>lie</span> <span class='ocrx_word' id='word_1_114' title='bbox 352 2398 362 2427; x_wconf 93' lang='lat'>‚</span> <span class='ocrx_word' id='word_1_115' title='bbox 372 2354 469 2414; x_wconf 84' lang='lat' dir='ltr'>Flacci</span> <span class='ocrx_word' id='word_1_116' title='bbox 485 2352 573 2434; x_wconf 82' lang='lat' dir='ltr'>patris</span> <span class='ocrx_word' id='word_1_117' title='bbox 591 2352 712 2412; x_wconf 88' lang='lat' dir='ltr'>nomine</span> <span class='ocrx_word' id='word_1_118' title='bbox 723 2394 733 2424; x_wconf 92' lang='lat'><strong>‚</strong></span> <span class='ocrx_word' id='word_1_119' title='bbox 745 2351 852 2413; x_wconf 81' lang='lat' dir='ltr'>collata</span> <span class='ocrx_word' id='word_1_120' title='bbox 866 2374 886 2413; x_wconf 84' lang='lat' dir='ltr'>a</span> <span class='ocrx_word' id='word_1_121' title='bbox 901 2353 1005 2414; x_wconf 86' lang='lat' dir='ltr'>civita·</span> 
     </span>
     <span class='ocr_line' id='line_1_21' title="bbox 312 2430 1005 2514; baseline 0.004 -21"><span class='ocrx_word' id='word_1_122' title='bbox 312 2436 416 2506; x_wconf 89' lang='lat' dir='ltr'>tibus,</span> <span class='ocrx_word' id='word_1_123' title='bbox 435 2436 509 2494; x_wconf 89' lang='lat' dir='ltr'>hanc</span> <span class='ocrx_word' id='word_1_124' title='bbox 526 2456 543 2493; x_wconf 83' lang='lat' dir='ltr'>a</span> <span class='ocrx_word' id='word_1_125' title='bbox 559 2432 588 2493; x_wconf 84' lang='lat' dir='ltr'>se</span> <span class='ocrx_word' id='word_1_126' title='bbox 609 2430 667 2493; x_wconf 82' lang='lat' dir='ltr'>elle</span> <span class='ocrx_word' id='word_1_127' title='bbox 690 2432 817 2492; x_wconf 86' lang='lat' dir='ltr'>ablatam</span> <span class='ocrx_word' id='word_1_128' title='bbox 836 2453 1005 2514; x_wconf 86' lang='lat' dir='ltr'>queruntur.</span> 
     </span>
     <span class='ocr_line' id='line_1_22' title="bbox 312 2514 1001 2595; baseline 0.001 -19"><span class='ocrx_word' id='word_1_129' title='bbox 312 2516 386 2577; x_wconf 85' lang='lat' dir='ltr'>Alio</span> <span class='ocrx_word' id='word_1_130' title='bbox 405 2515 475 2574; x_wconf 92' lang='lat' dir='ltr'>loco</span> <span class='ocrx_word' id='word_1_131' title='bbox 489 2534 640 2594; x_wconf 84' lang='lat' dir='ltr'>quaeram,</span> <span class='ocrx_word' id='word_1_132' title='bbox 656 2514 727 2595; x_wconf 88' lang='lat' dir='ltr'>quid</span> <span class='ocrx_word' id='word_1_133' title='bbox 743 2514 853 2574; x_wconf 87' lang='lat' dir='ltr'>licuerit</span> <span class='ocrx_word' id='word_1_134' title='bbox 870 2514 1001 2578; x_wconf 81' lang='lat' dir='ltr'>Flacco:</span> 
     </span>
     <span class='ocr_line' id='line_1_23' title="bbox 313 2594 1005 2679; baseline -0.001 -22"><span class='ocrx_word' id='word_1_135' title='bbox 313 2617 392 2658; x_wconf 89' lang='lat' dir='ltr'>nunc</span> <span class='ocrx_word' id='word_1_136' title='bbox 413 2598 527 2656; x_wconf 78' lang='lat' dir='ltr'>tantbm</span> <span class='ocrx_word' id='word_1_137' title='bbox 543 2618 561 2655; x_wconf 87' lang='lat' dir='ltr'>a</span> <span class='ocrx_word' id='word_1_138' title='bbox 579 2594 733 2655; x_wconf 87' lang='lat' dir='ltr'>Trallianis</span> <span class='ocrx_word' id='word_1_139' title='bbox 756 2596 897 2677; x_wconf 87' lang='lat' dir='ltr'>requiro,</span> <span class='ocrx_word' id='word_1_140' title='bbox 916 2617 1005 2679; x_wconf 87' lang='lat' dir='ltr'>quam</span> 
     </span>
     <span class='ocr_line' id='line_1_24' title="bbox 314 2675 1073 2761; baseline 0.001 -23"><span class='ocrx_word' id='word_1_141' title='bbox 314 2680 471 2761; x_wconf 88' lang='lat' dir='ltr'>pecuniam</span> <span class='ocrx_word' id='word_1_142' title='bbox 485 2698 501 2735; x_wconf 87' lang='lat' dir='ltr'>a</span> <span class='ocrx_word' id='word_1_143' title='bbox 515 2675 543 2736; x_wconf 87' lang='lat' dir='ltr'>se</span> <span class='ocrx_word' id='word_1_144' title='bbox 558 2677 685 2736; x_wconf 85' lang='lat' dir='ltr'>ablatam</span> <span class='ocrx_word' id='word_1_145' title='bbox 697 2695 855 2758; x_wconf 88' lang='lat' dir='ltr'>queruntur</span> <span class='ocrx_word' id='word_1_146' title='bbox 865 2722 875 2750; x_wconf 88' lang='lat'>,</span> <span class='ocrx_word' id='word_1_147' title='bbox 885 2677 1006 2739; x_wconf 82' lang='lat' dir='ltr'>suamne</span> <span class='ocrx_word' id='word_1_148' title='bbox 1062 2741 1073 2758; x_wconf 41' lang='grc' dir='ltr'><em>Ι</em></span> 
     </span>
     <span class='ocr_line' id='line_1_25' title="bbox 259 2757 1069 2833; baseline 0.001 -14"><span class='ocrx_word' id='word_1_149' title='bbox 259 2814 260 2819; x_wconf 73' lang='grc'>,</span> <span class='ocrx_word' id='word_1_150' title='bbox 315 2761 436 2833; x_wconf 88' lang='lat' dir='ltr'>dicant,</span> <span class='ocrx_word' id='word_1_151' title='bbox 455 2757 508 2817; x_wconf 90' lang='lat' dir='ltr'>sibi</span> <span class='ocrx_word' id='word_1_152' title='bbox 522 2780 538 2817; x_wconf 90' lang='lat' dir='ltr'>a</span> <span class='ocrx_word' id='word_1_153' title='bbox 551 2759 716 2816; x_wconf 87' lang='lat' dir='ltr'>civitatibus</span> <span class='ocrx_word' id='word_1_154' title='bbox 732 2758 865 2817; x_wconf 84' lang='lat' dir='ltr'>collatam</span> <span class='ocrx_word' id='word_1_155' title='bbox 879 2758 910 2819; x_wconf 93' lang='lat' dir='ltr'>in</span> <span class='ocrx_word' id='word_1_156' title='bbox 922 2758 1005 2819; x_wconf 86' lang='lat' dir='ltr'>usum</span> <span class='ocrx_word' id='word_1_157' title='bbox 1065 2825 1069 2830; x_wconf 65' lang='grc'><em>,</em></span> 
     </span>
     <span class='ocr_line' id='line_1_26' title="bbox 259 2835 1007 2920; baseline 0.003 -20"><span class='ocrx_word' id='word_1_158' title='bbox 259 2835 260 2840; x_wconf 32' lang='lat'>¹</span> <span class='ocrx_word' id='word_1_159' title='bbox 314 2840 398 2900; x_wconf 86' lang='lat' dir='ltr'>suum</span> <span class='ocrx_word' id='word_1_160' title='bbox 413 2860 420 2897; x_wconf 77' lang='grc' dir='ltr'><em>τ</em></span> <span class='ocrx_word' id='word_1_161' title='bbox 436 2841 523 2919; x_wconf 89' lang='lat' dir='ltr'>cupio</span> <span class='ocrx_word' id='word_1_162' title='bbox 548 2838 658 2899; x_wconf 86' lang='lat' dir='ltr'>audire.</span> <span class='ocrx_word' id='word_1_163' title='bbox 680 2837 774 2920; x_wconf 74' lang='lat' dir='ltr'>Nop,</span> <span class='ocrx_word' id='word_1_164' title='bbox 795 2839 910 2919; x_wconf 87' lang='lat' dir='ltr'>inquit,</span> <span class='ocrx_word' id='word_1_165' title='bbox 931 2840 1007 2902; x_wconf 82' lang='lat' dir='ltr'>dici-</span> 
     </span>
     <span class='ocr_line' id='line_1_27' title="bbox 316 2917 1009 3003; baseline 0.006 -24"><span class='ocrx_word' id='word_1_166' title='bbox 316 2940 392 2979; x_wconf 87' lang='lat' dir='ltr'>mus.</span> <span class='ocrx_word' id='word_1_167' title='bbox 411 2920 494 2999; x_wconf 87' lang='lat' dir='ltr'>Quid</span> <span class='ocrx_word' id='word_1_168' title='bbox 512 2921 598 3003; x_wconf 84' lang='lat' dir='ltr'>igitur</span> <span class='ocrx_word' id='word_1_169' title='bbox 615 2919 626 2979; x_wconf 77' lang='lat' dir='ltr'>i</span> <span class='ocrx_word' id='word_1_170' title='bbox 643 2917 769 2979; x_wconf 84' lang='lat' dir='ltr'>delatam</span> <span class='ocrx_word' id='word_1_171' title='bbox 787 2918 921 2994; x_wconf 82' lang='lat' dir='ltr'>acinos,</span> <span class='ocrx_word' id='word_1_172' title='bbox 940 2939 1009 2984; x_wconf 86' lang='lat' dir='ltr'>cre·</span> 
     </span>
     <span class='ocr_line' id='line_1_28' title="bbox 316 2998 1008 3081; baseline 0 -22"><span class='ocrx_word' id='word_1_173' title='bbox 316 3000 407 3059; x_wconf 87' lang='lat' dir='ltr'>diram</span> <span class='ocrx_word' id='word_1_174' title='bbox 421 3003 528 3073; x_wconf 91' lang='lat' dir='ltr'>nobis,</span> <span class='ocrx_word' id='word_1_175' title='bbox 544 3001 578 3061; x_wconf 89' lang='lat' dir='ltr'>L.</span> <span class='ocrx_word' id='word_1_176' title='bbox 597 3001 692 3060; x_wconf 87' lang='lat' dir='ltr'>Flacci</span> <span class='ocrx_word' id='word_1_177' title='bbox 710 3002 796 3081; x_wconf 81' lang='lat' dir='ltr'>patris</span> <span class='ocrx_word' id='word_1_178' title='bbox 817 3003 937 3062; x_wconf 91' lang='lat' dir='ltr'>nomine</span> <span class='ocrx_word' id='word_1_179' title='bbox 948 3045 957 3073; x_wconf 92' lang='lat'>‚</span> <span class='ocrx_word' id='word_1_180' title='bbox 969 2998 1008 3059; x_wconf 85' lang='lat' dir='ltr'>ad</span> 
     </span>
     <span class='ocr_line' id='line_1_29' title="bbox 318 3077 1005 3163; baseline 0 -24"><span class='ocrx_word' id='word_1_181' title='bbox 318 3080 405 3157; x_wconf 77' lang='lat' dir='ltr'>liujus</span> <span class='ocrx_word' id='word_1_182' title='bbox 421 3077 481 3137; x_wconf 92' lang='lat' dir='ltr'>dies</span> <span class='ocrx_word' id='word_1_183' title='bbox 490 3079 583 3140; x_wconf 70' lang='lat' dir='ltr'>festos</span> <span class='ocrx_word' id='word_1_184' title='bbox 598 3100 686 3163; x_wconf 87' lang='lat' dir='ltr'>atque</span> <span class='ocrx_word' id='word_1_185' title='bbox 704 3082 799 3141; x_wconf 90' lang='lat' dir='ltr'>ludos.</span> <span class='ocrx_word' id='word_1_186' title='bbox 819 3080 900 3160; x_wconf 86' lang='lat' dir='ltr'>Quid</span> <span class='ocrx_word' id='word_1_187' title='bbox 914 3077 1005 3144; x_wconf 71' lang='lat' dir='ltr'>tum?</span> 
     </span>
     <span class='ocr_line' id='line_1_30' title="bbox 317 3157 1043 3243; baseline -0.007 -20"><span class='ocrx_word' id='word_1_188' title='bbox 317 3162 404 3223; x_wconf 83' lang='lat' dir='ltr'>Hanc</span> <span class='ocrx_word' id='word_1_189' title='bbox 422 3174 473 3231; x_wconf 87' lang='lat' dir='ltr'>te,</span> <span class='ocrx_word' id='word_1_190' title='bbox 489 3160 601 3239; x_wconf 90' lang='lat' dir='ltr'>inquit,</span> <span class='ocrx_word' id='word_1_191' title='bbox 618 3182 721 3243; x_wconf 83' lang='lat' dir='ltr'>capere</span> <span class='ocrx_word' id='word_1_192' title='bbox 738 3182 800 3223; x_wconf 88' lang='lat' dir='ltr'>non</span> <span class='ocrx_word' id='word_1_193' title='bbox 817 3157 905 3220; x_wconf 86' lang='lat' dir='ltr'>licuit.</span> <span class='ocrx_word' id='word_1_194' title='bbox 925 3221 928 3226; x_wconf 60' lang='grc'><strong><em>,</em></strong></span> <span class='ocrx_word' id='word_1_195' title='bbox 1036 3181 1043 3212; x_wconf 77' lang='lat' dir='ltr'>r</span> 
     </span>
     <span class='ocr_line' id='line_1_31' title="bbox 362 3239 1035 3322; baseline 0 -22"><span class='ocrx_word' id='word_1_196' title='bbox 362 3241 409 3319; x_wconf 88' lang='lat'>56.</span> <span class='ocrx_word' id='word_1_197' title='bbox 422 3239 526 3299; x_wconf 85' lang='lat' dir='ltr'>Jamid</span> <span class='ocrx_word' id='word_1_198' title='bbox 540 3241 663 3300; x_wconf 86' lang='lat' dir='ltr'>videro:</span> <span class='ocrx_word' id='word_1_199' title='bbox 674 3242 724 3302; x_wconf 92' lang='lat' dir='ltr'>sed</span> <span class='ocrx_word' id='word_1_200' title='bbox 734 3244 859 3322; x_wconf 84' lang='lat' dir='ltr'>primbm</span> <span class='ocrx_word' id='word_1_201' title='bbox 876 3239 947 3300; x_wconf 88' lang='lat' dir='ltr'>illud</span> <span class='ocrx_word' id='word_1_202' title='bbox 960 3256 1008 3300; x_wconf 88' lang='lat' dir='ltr'>te·</span> <span class='ocrx_word' id='word_1_203' title='bbox 1033 3277 1035 3280; x_wconf 94' lang='lat'>·</span> 
     </span>
     <span class='ocr_line' id='line_1_32' title="bbox 316 3322 1002 3410; baseline -0.004 -25"><span class='ocrx_word' id='word_1_204' title='bbox 316 3324 398 3385; x_wconf 88' lang='lat' dir='ltr'>nebo</span> <span class='ocrx_word' id='word_1_205' title='bbox 418 3343 424 3381; x_wconf 92' lang='lat'><strong>:</strong></span> <span class='ocrx_word' id='word_1_206' title='bbox 446 3323 573 3403; x_wconf 85' lang='lat' dir='ltr'>queritur</span> <span class='ocrx_word' id='word_1_207' title='bbox 596 3325 711 3403; x_wconf 84' lang='lat' dir='ltr'>gravis,</span> <span class='ocrx_word' id='word_1_208' title='bbox 728 3322 881 3410; x_wconf 64' lang='lat' dir='ltr'>locuples2</span> <span class='ocrx_word' id='word_1_209' title='bbox 901 3338 1002 3384; x_wconf 83' lang='lat' dir='ltr'>ornata</span> 
     </span>
    </p>
   </div>
   <div class='ocr_carea' id='block_1_5' title="bbox 803 3402 879 3480">
    <p class='ocr_par' dir='ltr' id='par_1_5' title="bbox 803 3402 879 3480">
     <span class='ocr_line' id='line_1_33' title="bbox 803 3402 879 3480; baseline -0.013 -20"><span class='ocrx_word' id='word_1_210' title='bbox 803 3402 830 3460; x_wconf 91' lang='lat' dir='ltr'>X</span> <span class='ocrx_word' id='word_1_211' title='bbox 851 3423 879 3480; x_wconf 85' lang='lat' dir='ltr'>u]</span> 
     </span>
    </p>
   </div>
   <div class='ocr_carea' id='block_1_6' title="bbox 0 0 1330 4209">
    <p class='ocr_par' dir='ltr' id='par_1_6' title="bbox 0 0 1330 4209">
     <span class='ocr_line' id='line_1_34' title="bbox 0 0 1330 4209; baseline 0 0"><span class='ocrx_word' id='word_1_212' title='bbox 0 0 1330 4209; x_wconf 95' lang='lat' dir='ltr'> </span> 
     </span>
    </p>
   </div>
  </div>
 </body>
</html>
