2617 4209
389 685 462 754 Dr
486 684 615 755 Lucu
640 683 887 755 Auitum.
927 706 995 780 17¹

318 799 428 859 teribus
443 798 547 873 bellis,
559 800 669 860 virtute
685 797 862 859 summorum
877 799 916 858 im
938 817 1003 860 eta·

315 878 577 961 torum‚adjungit
590 880 687 960 regios
703 898 789 960 agros
806 818 1003 956 Mithritiatis,

341 960 370 1017 ui
387 962 417 1019 in
433 959 650 1099 PaphlaponiQ
667 960 760 1040 quiin
776 956 891 1032 Ponto,
910 959 1003 1041 quiin

316 980 384 1119 gap
408 1040 510 1101 adocia
548 1056 682 1114 uerunt,
710 1055 743 1100 ut
765 1059 818 1101 eos
845 1039 1003 1102 decemviri

315 1062 458 1182 veniant.
660 1191 664 1198 ,

360 1218 407 1279 52.
425 1200 508 1262 Itane
521 1198 619 1263 verb?
633 1221 694 1275 nun
707 1198 818 1284 legibus
835 1198 926 1274 datis,
938 1220 1003 1264 non

314 1280 420 1340 auditis
436 1283 531 1343 verbis
547 1285 586 1342 im
608 1284 752 1356 eratoris,
769 1281 904 1342 nondum
920 1280 1003 1342 deni·

315 1380 374 1439 que
394 1362 474 1422 bello
493 1304 647 1437 confesso,
666 1382 756 1443 quum
772 1382 823 1422 rex
843 1359 1002 1422 Mithrida·

314 1455 383 1511 tes,
400 1440 498 1501 amisso
511 1445 660 1513 exercitu,
676 1461 769 1535 regno
781 1441 932 1523 expulsus,
950 1458 1008 1503 taz

316 1522 436 1580 meniu
454 1520 561 1580 ultimis
581 1523 664 1582 terris
686 1521 724 1579 alr
745 1521 793 1580 uid
818 1524 903 1582 etiam
921 1542 1000 1583 nunc

317 1599 482 1673 moliatur,
504 1617 590 1680 atque
607 1600 643 1661 ab
661 1542 767 1661 inuia
787 1596 844 1661 Cn.
864 1600 1002 1682 Pompeii

316 1698 428 1756 manu,
451 1680 619 1758 Moeotide‚
642 1681 677 1741 &
699 1680 753 1742 illis
771 1680 944 1763 paludibus,
963 1682 999 1743 &

311 1760 448 1822 itinerum
466 1783 502 1822 an
523 1759 598 1822 ustiis
613 1808 623 1838 ,
640 1778 727 1844 atque
744 1762 894 1823 altitudine
909 1782 1000 1822 mon·

312 1842 387 1900 tium
404 1841 492 1904 defen
530 1859 593 1903 tur:
610 1864 699 1925 quum
716 1843 874 1923 imperator
889 1845 920 1903 in
930 1841 998 1904 bel-

313 1920 347 1979 lo
371 1922 526 1984 versetur:
549 1926 580 1983 iu
605 1924 677 1984 locis
702 1939 798 1984 autem
826 1924 882 1984 illis
907 1924 999 1986 etiam

313 2021 392 2070 nunc
414 2003 485 2064 belli
504 2022 614 2064 nornen
636 2002 779 2083 reliquum
801 2002 858 2062 sit:
883 2022 937 2064 eos
959 2025 997 2064 a·

292 2100 413 2161 gros,
439 2102 564 2165 quorum
584 2081 677 2142 adhuc
724 2101 794 2142 erres
818 2078 878 2145 Cn.
901 2081 997 2142 Pom-

312 2161 413 2251 peium
434 2182 523 2224 omne
540 2159 678 2241 judicium
735 2157 893 2299 forestas,
911 2181 997 2227 more

313 2261 489 2320 majorum,
513 2242 603 2304 debet
622 2240 709 2315 effe,
756 2242 895 2302 ecemviri
919 2261 997 2303 ven-

313 2321 409 2381 dent?
429 2321 488 2395 Et,
502 2322 614 2395 ¹credo,
629 2322 663 2381 P.
681 2320 781 2380 Rullus
799 2317 848 2399 (is
864 2321 943 2381 enim
954 2324 996 2384 sic

311 2399 345 2461 se
363 2402 455 2481 gerit,
471 2417 503 2462 ut
518 2403 573 2461 sibi
588 2399 648 2481 jam
666 2400 814 2461 decemvir
829 2399 996 2483 designatus

312 2478 373 2543 effe
391 2478 547 2563 videatur)
569 2482 605 2541 ad
628 2502 693 2542 eam
716 2479 880 2543 auiiiouem
899 2484 996 2564 potis-

308 2562 419 2623 simum
434 2560 636 2642 proficiscetur.

354 2640 430 2702 XX.
450 2640 479 2702 ls
497 2642 637 2708 ¹videlicet
660 2659 726 2703 ante
768 2663 815 2702 am
839 2644 939 2702 veniat
963 2642 995 2703 iu

310 2720 459 2797 Pontum,
480 2723 589 2783 litteras
603 2723 640 2782 ad
655 2722 714 2784 Cn.
756 2723 906 2803 ompeium
923 2724 995 2781 mit-

306 2818 377 2876 tet3
393 2824 514 2885 quarum
529 2824 587 2885 ego
605 2802 666 2882 jam
692 2803 858 2881 exemplum
876 2802 913 2861 ab
934 2800 992 2863 istis

308 2902 381 2942 tom
402 2886 509 2944 ositum
540 2882 596 2943 effe
624 2884 757 2942 arbitror.
790 2887 826 2943 P.
854 2884 992 2943 Servilius

311 2962 372 3022 Rul
383 2983 437 3036 us,
454 2965 577 3025 tribunus
590 2965 700 3045 plebis,
721 2964 877 3036 decemuir,
893 2966 926 3023 S.
944 2966 990 3021 D.

311 3043 444 3118 Pompeio
464 3086 476 3112 ,
501 3047 550 3102 Cn.
571 3049 606 3103 F.
629 3042 700 3103 Non
722 3043 811 3103 credo
833 3042 991 3121 adscriptu-

310 3140 376 3178 rum
396 3118 474 3198 είῘε,Ι
491 3125 615 3201 Magno:
633 3146 693 3182 non
711 3126 789 3183 enim
805 3123 940 3190 videtur,
960 3119 992 3177 id

306 3198 393 3288 quod
413 3200 581 3272 imminuere
594 3202 659 3289 lege
679 3196 992 3340 ‘Onatuhl-lchoeffu·
1068 3219 1075 3254 s

868 3299 887 3358 ¹1
