2617 4209
374 393 426 459 Iu
455 393 492 460 L.
521 391 826 461 Camunni.
868 417 937 488 311

260 505 447 586 equitumque
464 504 684 580 Romanorum,
701 507 733 566 ὃ(
750 523 861 568 tantam
877 532 948 571 con·

260 583 277 644 s
292 588 445 646 irationem
463 586 610 647 bonorum
621 588 753 652 omnium
765 588 944 680 perfringere

265 725 267 730 ,
318 664 490 728 lahefffiare
507 668 611 749 possit,
876 677 879 684 '

301 744 359 807 Xl.
382 745 459 826 Quae
478 769 568 830 quum
584 750 625 810 ita
644 748 728 818 sint,
752 747 851 812 Patres
870 772 945 813 eon·

260 825 357 923 scripti
372 849 454 922 ‚Oprn
472 831 623 911 imperio,
642 847 697 908 pro
716 834 843 892 exercitu
861 877 871 905 ,
888 854 944 913 pro

262 928 435 989 provincia,
454 931 542 991 quam
557 911 690 993 neglexi,
707 929 762 990 pro
777 914 944 992 triumpho,

261 988 420 1071 ceterisque
445 990 536 1051 laudis
552 991 736 1074 insignibus,
799 1015 822 1053 ae
840 993 901 1061 sunt
926 1017 943 1060 a

260 1089 336 1143 me,
354 1088 476 1152 propter
492 1073 570 1132 urbis
588 1069 747 1152 vestraeque
778 1074 860 1135 aluris
878 1073 943 1135 cus-

260 1151 393 1226 todiam,
414 1153 585 1233 repudiata,
599 1174 654 1234 pro
671 1152 830 1227 clientelis,
848 1154 945 1235 hospi·

260 1231 361 1313 tiisque
382 1234 632 1313 provincialibus,
655 1253 719 1314 quae
736 1249 835 1302 tamen
857 1236 944 1298 urba·

260 1314 304 1371 nis
330 1313 434 1393 opibus
460 1336 522 1376 non
551 1317 665 1375 minore
693 1314 795 1376 labore
821 1332 906 1376 tueor
933 1361 943 1389 ‚

261 1393 348 1474 quim
373 1416 513 1477 comparo
531 1416 542 1471 3
562 1419 617 1478 pro
634 1395 679 1455 his
704 1398 788 1477 igitur
809 1396 945 1457 omnibus

260 1475 375 1549 rebus,
399 1477 431 1536 &
450 1498 503 1557 pru
530 1479 603 1537 meis
625 1480 655 1540 in
677 1498 732 1538 vos
754 1477 944 1560 singularibus

259 1551 382 1627 studiis,
400 1575 518 1637 proque
528 1558 590 1620 luc
610 1601 620 1630 ,
642 1577 728 1637 qlam
755 1557 943 1640 conspicitis,
1013 1581 1023 1596 Χ

260 1635 301 1695 ad
313 1634 540 1696 conservandam
553 1635 763 1715 reneriublicem
779 1638 944 1720 diligentia,

208 1745 214 1752 ·
261 1715 338 1775 nihil
352 1714 429 1774 aliud
443 1737 460 1776 a
478 1715 587 1788 vobis,
602 1716 659 1774 nisi
678 1712 763 1794 hujus
781 1721 946 1797 ternporis,

208 1797 216 1836 ²
261 1793 407 1877 totiusque
425 1797 485 1856 mei
504 1793 666 1868 consuletis
686 1798 857 1856 mernoriam
876 1797 947 1877 pos·

209 1907 213 1914 ·
261 1876 345 1950 tulo;
389 1879 432 1938 u'ae
452 1876 523 1937 dum
544 1877 600 1939 erit
617 1872 720 1942 vestris
736 1877 880 1940 mensibus
898 1880 947 1936 in*

209 1957 217 1994 ²
262 1955 346 2030 lixa,
368 1898 534 2017 irmissimo
561 1975 611 2017 me
636 1976 725 2016 muro
747 1953 860 2036 septum
888 1955 944 2017 effe

208 2039 217 2076 ²
262 2037 436 2097 arbitrabor.
456 2035 552 2122 Qubd·
570 2038 595 2097 si
611 2055 708 2096 meam
723 2033 802 2118 spem
824 2038 868 2097 vis
890 2039 948 2097 im-

209 2121 216 2156 ?
262 2118 426 2199 proborum
446 2115 606 2190 fefellerit,
630 2133 717 2199 utque
739 2115 916 2198 superaverit
935 2138 946 2190 ;

208 2199 215 2236 ²
262 2198 444 2258 commendo
465 2198 550 2261 vobis
569 2215 692 2279 paruum
711 2209 813 2259 'meum
832 2197 947 2271 filium;

209 2269 211 2348 J
262 2282 310 2348 eui
328 2279 461 2361 profe&
482 2278 546 2339 satis
565 2281 619 2340 erit
644 2279 790 2358 praesidii,
816 2300 876 2338 non
900 2278 950 2340 soe

262 2361 324 2421 lum
343 2359 542 2433 adsalutem,
562 2361 771 2419 verumetiam
792 2360 829 2417 ad
853 2358 949 2440 dignis

263 2457 377 2515 tatem,
396 2444 420 2501 si
441 2438 525 2517 ejus,
551 2440 599 2519 qui
620 2439 682 2498 haec
709 2440 808 2499 omnia
829 2438 878 2498 suo
901 2439 948 2500 so,

262 2521 317 2581 lius
334 2522 462 2601 periculo
483 2517 715 2598 conservaverit,
735 2520 816 2590 illurn
837 2518 947 2584 ellefiv

262 2602 335 2662 lium
353 2604 548 2663 memineritis.

309 2699 358 2752 24.
380 2680 569 2760 Quapropter
588 2680 625 2740 de
644 2680 753 2741 summa
771 2679 860 2742 salute
882 2678 949 2740 vesr

263 2778 333 2833 tra,
352 2760 510 2900 populiflue
532 2760 686 2833 Romani,
708 2760 805 2821 Patres
826 2758 951 2820 conscriv

265 2844 310 2936 pti
328 2886 338 2917 ,
358 2840 395 2920 de
415 2858 453 2905 ve
478 2840 515 2900 ris
532 2837 704 2922 conjugibus
723 2862 755 2903 ac
773 2840 893 2913 liberis,
910 2835 947 2910 de
1061 2811 1095 3082 f
