2617 4209
390 409 461 460 too
610 381 846 450 OnArro

382 500 446 564 satis
462 495 558 558 dixisse
569 497 681 557 videor.
692 495 814 574 Reliqua
826 511 986 572 perpauca
998 492 1059 554 sunt
1064 536 1074 566 ,

384 603 467 662 qua,
508 581 552 638 uia
567 575 669 639 vestrae
685 573 848 656 quaestionis
860 590 951 632 erant
966 618 977 650 ,
992 575 1075 634 idcir-

384 683 422 729 co
433 660 472 719 illi
485 601 641 719 latuerunt
659 657 712 716 sibi
722 653 860 736 lingenda
870 650 954 727 effe,
971 655 1005 715 &
1017 677 1077 736 pro·

384 737 504 802 ferenda
515 784 524 813 ,
537 759 575 800 ne
589 739 720 798 omniunt
735 735 896 814 turpissimi
909 738 1075 816 reperiren-

384 838 431 880 tur
452 865 462 894 ‚
486 821 509 879 si
533 823 562 879 in
589 815 727 897 judicium
748 814 849 889 nihil,
870 833 987 894 praeter
1007 817 1076 878 invi*
1102 845 1106 874 t

386 901 486 971 diam,
506 896 670 959 attuliffent.

427 978 518 1042 LIX.
541 979 656 1060 Atque,
669 994 700 1037 ut
714 973 905 1048 existimetis,
921 972 1076 1038 necell'aril

386 1081 436 1122 me
455 1061 491 1120 de
507 1061 550 1119 his
568 1059 676 1130 rebus,
691 1057 727 1116 de
742 1055 845 1136 quibus
856 1053 922 1134 jam
940 1057 1075 1128 dixerim,

388 1142 516 1226 pluribus
534 1137 620 1222 egille
638 1138 755 1211 verbis,
776 1135 927 1200 attendite
952 1137 1074 1218 reliqua:
1097 1149 1104 1222 ἔ,

389 1221 523 1302 ρτοῐεὲὶὸ
540 1220 727 1300 intelligetis,
745 1237 803 1287 ea,
822 1236 888 1296 quae
910 1220 1017 1296 paucis
1034 1216 1076 1276 de·
1096 1224 1102 1264 ἱ

389 1299 541 1373 monstrari
559 1314 738 1379 potuerunt,
756 1297 935 1356 brevissime
956 1295 1017 1359 ess'e
1034 1297 1076 1356 tle·

390 1382 479 1444 sensa.
506 1379 563 1444 Cn,
585 1378 683 1440 Decio
703 1375 846 1448 Samniti,
864 1378 919 1450 ei,
945 1381 999 1459 qui
1017 1399 1076 1460 pro·

391 1461 508 1540 scriptus
525 1457 584 1530 est,
600 1456 732 1535 injuriam
741 1458 771 1514 in
785 1455 960 1520 calamitate
975 1455 1039 1520 e'us
1049 1457 1075 1516 ab

391 1538 476 1619 hujus
495 1538 600 1600 familia
614 1537 717 1612 faciam
736 1533 791 1596 esle
807 1534 933 1608 dixistis.
958 1481 1013 1600 Al>
1027 1537 1076 1599 nul·

393 1622 424 1680 lo
441 1622 488 1680 ille
506 1619 670 1696 liberalius,
688 1615 775 1698 quiun
789 1637 805 1674 a
820 1614 973 1680 Cluentio
991 1619 1076 1680 tralla-

394 1718 440 1760 tus
463 1697 528 1761 eil:
556 1698 640 1779 hujus
663 1697 742 1758 illurn
765 1716 839 1775 opes
857 1699 888 1764 in
911 1701 1008 1762 rebus
1029 1697 1076 1780 ejus

395 1781 591 1860 incommodis
609 1779 808 1840 sublevarunt:
823 1794 918 1858 atque
932 1781 996 1843 hoc
1041 1797 1076 1840 un

396 1859 456 1942 ipse
475 1907 487 1934 ,
503 1877 565 1932 tum
586 1880 689 1934 omnes
707 1855 769 1937 ejus
788 1860 902 1932 amici,
924 1881 1006 1924 nece
1027 1861 1076 1922 aril-

398 1963 455 2024 que
474 1958 687 2025 cognoverunt.
706 1938 843 2010 Ancurii,
856 1939 892 1997 &
905 1939 1022 2006 Paceni
1032 1935 1076 2024 pff

398 2024 530 2095 toribus,
548 2019 631 2104 huius
649 2019 778 2090 villicum
793 2021 855 2076 vim
871 2019 910 2078 &
923 2043 1034 2084 manus
1046 2037 1076 2082 ne

398 2099 501 2161 ttrliffe.
519 2100 619 2178 Quum
634 2100 765 2179 quaedam
782 2098 809 2156 in
822 2098 957 2164 collibus
975 2099 1075 2188 (ιιιίοΙ

399 2179 474 2251 lt)
502 2182 702 2239 controversia
723 2175 871 2257 pastorum
900 2181 980 2248 ellet
1005 2199 1074 2250 ortu

401 2200 486 2320 rlviri
510 2259 599 2318 villici
622 2279 685 2318 reru
712 2259 822 2317 domini
847 2303 858 2332 ‚
888 2261 927 2322 &
951 2267 1074 2346 prima

402 2336 611 2424 poffessionent
639 2337 833 2402 defenderunt
856 2360 863 2399 r
944 2365 1001 2406 um
1028 2339 1074 2408 ela

404 2417 595 2500 expostulatio
615 2418 712 2494 faiia,
731 2417 813 2478 causa
829 2420 885 2480 illis
933 2423 1074 2488 emonstn·

403 2517 459 2639 ξμς
484 2502 546 2639 sisne
570 2498 679 2580 judicio
704 2503 973 2587 controversiaque
1000 2497 1074 2570 dilen(

415 2601 463 2640 urn
486 2601 501 2639 e
530 2625 537 2640 .

449 2661 515 2721 162.
546 2659 578 2720 P.
606 2663 674 2737 AElii
700 2660 875 2723 testamento
911 2659 1035 2752 prop''

405 2740 595 2810 exheredatus
617 2764 706 2823 quum
727 2740 818 2814 effer,
839 2744 933 2808 heres
954 2751 1008 2814 hic
1052 2751 1058 2764 '

406 2826 469 2893 nior
486 2819 625 2882 institutus
643 2821 695 2893 est.
723 2821 756 2882 P.
774 2823 866 2884 AElius
882 2825 977 2894 Aviti
1054 2831 1060 2844 '

405 2905 495 2988 fecit:
519 2923 614 2986 neque
636 2903 683 2974 hic
703 2903 733 2970 in
752 2901 938 2972 testamento
964 2907 1075 2978 facian
