2617 4209
308 636 389 724 '500
533 622 761 693 ⁴OrrArro'

307 739 433 824 ponium
451 734 513 812 est,
533 735 596 816 ejus
613 734 689 797 faeta
707 739 769 795 uon
785 730 893 795 videri.
913 720 993 794 Ideni

309 822 402 884 visum
419 817 461 882 est
482 817 582 900 postea
597 817 730 890 Flacco,
769 837 838 876 uum
858 834 923 875 rem
945 833 994 875 co*

309 901 477 986 gnosceret:
492 903 533 960 ita
554 918 591 959 ue
607 838 772 1038 decrevit}

352 979 526 1042 XXXIII.
619 983 672 1040 etis
696 998 810 1038 cauam
830 975 996 1036 inimicitia·

310 1077 375 1124 rum
382 1083 392 1135 ;
405 1063 463 1143 qud
477 1061 562 1122 causis
573 1061 766 1120 inflammatus
777 1057 929 1118 Decianus
940 1101 950 1128 ‚
961 1055 996 1115 ad

310 1143 432 1204 Laelium
453 1140 587 1203 detulerit
604 1142 679 1201 hanc
690 1144 825 1222 opimam
842 1137 998 1200 accusatio·

309 1243 390 1284 nem.
412 1222 490 1283 Nam
512 1224 552 1282 ita
569 1220 685 1303 questus
701 1223 742 1282 est
762 1219 893 1293 Laelius‚
911 1237 998 1301 quum

311 1304 350 1365 de
375 1302 500 1385 perfidia
526 1301 652 1363 Deciani
676 1302 787 1363 diceret
817 1321 825 1360 :
854 1302 906 1382 qui
929 1300 998 1359 mihi

312 1383 414 1446 audior
435 1384 489 1445 fuit
508 1429 519 1457 ‚
537 1386 586 1464 qui
602 1381 719 1444 causam
741 1382 778 1441 ad
798 1401 849 1441 me
868 1381 997 1452 detulit,

311 1487 403 1546 quem
420 1487 478 1548 ego
495 1463 559 1526 sum
578 1463 713 1537 secutus,
729 1464 754 1522 is
768 1484 789 1522 a
804 1458 916 1522 Flacco
935 1481 1000 1521 cor*

312 1564 413 1627 ruptus
433 1545 499 1620 est,
522 1547 546 1604 is
561 1566 612 1606 me
633 1543 787 1618 deseruit,
804 1563 844 1603 ac
860 1542 999 1624 prodidit.

313 1625 427 1687 Siccine
443 1645 475 1686 tu
490 1625 589 1686 auster
605 1625 726 1685 tandem
744 1644 812 1684 eum
830 1669 841 1698 ‚
858 1624 905 1699 oui
921 1641 955 1683 tu
974 1624 1000 1681 ir

312 1707 437 1766 consilio
454 1704 549 1766 fuiffes
561 1750 570 1778 ‚
581 1705 660 1786 apud
676 1725 765 1786 quern
780 1725 886 1766 omnes
899 1703 1000 1788 gradus

313 1788 459 1869 dignitatis
476 1805 533 1847 ruae
554 1784 713 1847 retinuisses
731 1831 741 1861 ‚
761 1786 1001 1866 pudentissimum

315 1868 467 1929 hominem
494 1913 504 1942 ‚
536 1868 715 1928 nobilissimi
739 1867 850 1926 familid
873 1885 1002 1940 narum,

316 1950 430 2031 optime
452 1948 489 2009 de
507 1948 656 2031 republica
673 1950 806 2009 meritum
824 1991 835 2022 ‚
852 1950 887 2008 in
903 1946 1002 2007 discri-

315 2051 385 2092 men
404 2032 535 2089 omnium
553 2027 733 2089 fortunarum
750 2025 922 2089 vocavisti?
943 2027 1002 2105 sci·

315 2110 384 2171 licet
400 2109 557 2170 defendam
575 2108 739 2169 Decianum
753 2131 762 2182 ;
777 2112 826 2190 qui
841 2110 893 2170 tibi
910 2112 945 2169 in
963 2106 1003 2168 su·

315 2190 476 2272 spicionem
494 2191 574 2250 nullo
591 2189 641 2249 suo
664 2189 768 2251 delicio
781 2193 876 2251 venit.

358 2272 407 2332 82.
430 2271 501 2332 Non
524 2269 587 2343 est,
608 2272 678 2330 mihi
701 2271 816 2343 crede,
840 2287 1002 2353 corruptus.

316 2351 403 2432 Quid
418 2357 495 2413 enim
512 2351 565 2412 fuit
575 2398 585 2426 ‚
596 2353 677 2434 quod
689 2354 726 2411 ab
738 2373 775 2413 eo
793 2349 1003 2413 redimeretur?

234 2472 237 2476 ν
317 2451 350 2494 ut
367 2434 485 2495 duceret
500 2431 662 2511 judicium?
677 2436 722 2494 cui
737 2432 785 2494 sex
800 2432 887 2495 horas
906 2435 1004 2494 omni-

318 2536 359 2573 no
374 2515 421 2575 lex
433 2515 525 2576 dedit.
541 2513 695 2595 Quantum
709 2515 828 2575 tandem
841 2535 878 2575 ex
895 2512 940 2574 his
950 2515 1004 2574 ho·

317 2597 355 2652 ris
374 2595 560 2667 detraheret,
578 2599 602 2656 si
621 2597 674 2654 ribi
692 2614 808 2656 morem
825 2601 929 2678 gerere
946 2616 1004 2654 vo-

316 2672 433 2735 luiffet?
459 2675 603 2737 Nimirum
620 2675 690 2737 illud
707 2675 770 2749 est,
787 2677 868 2757 quod
884 2674 942 2756 ipse
956 2673 971 2734 s
987 2704 1005 2720 ·

316 2753 448 2833 spicatur.
462 2755 590 2816 invidisti
606 2759 724 2838 ingenio
733 2756 929 2839 subscriptoris
944 2758 1005 2828 tui3

318 2835 400 2915 quod
414 2835 536 2895 ornabar
554 2836 636 2896 facile
648 2839 765 2909 locum,
780 2857 867 2918 quem
882 2838 1008 2918 prehen-

318 2916 419 2988 derat‚
431 2916 462 2975 ὃ(
473 2917 556 2976 acute
569 2914 659 2977 testes
666 2918 883 2999 interrogabat}
893 2937 944 2979 aut
956 2923 1009 2979 cir·

303 3033 305 3037 >
317 2997 539 3058 cumveniebat:
550 2995 666 3058 fortasse
674 2998 690 3028 ⁴
704 2998 796 3059 fecisti
808 3001 839 3059 ὅ(
853 3016 884 3059 tu
894 3045 904 3074 ,
915 3001 949 3061 &
958 3023 1010 3083 po·

318 3078 379 3156 puli
395 3075 512 3151 sermo,
526 3099 564 3140 ne
585 3082 743 3162 exciperes.
759 3079 875 3141 Idcirco
894 3080 1010 3150 Deera.

317 3176 389 3218 num
408 3156 497 3240 usque
516 3161 554 3222 ad
573 3152 716 3231 coronam
734 3160 905 3245 applicuisti.
925 3163 1010 3239 Sed,

205 3442 207 3445 .
283 3437 306 3478 J.
430 3482 437 3487 ..
