2617 4209
357 685 456 754 Pno
486 684 686 753 AncmA
713 684 891 754 Pom.
914 700 988 778 433

330 818 409 863 etere
425 799 519 881 ptopd
535 797 586 876 suo
602 793 667 877 jure
686 795 786 859 debet.
801 797 879 859 Nam
896 799 993 878 quoad

306 820 474 964 dongissimd
487 876 584 958 potest
596 897 680 938 mens
694 898 761 939 mea
777 879 918 961 respicere
931 876 996 960 spa·

307 966 380 1023 tium
395 960 532 1043 preteriti
546 961 713 1041 temporis,
731 959 764 1020 δι
784 961 913 1042 pueritiae
930 979 995 1021 me·

307 1045 432 1103 moriam
443 1038 589 1103 recordari
600 1036 750 1114 nltimam,
764 1039 833 1102 inde
845 1039 933 1124 usque
944 1060 997 1101 re·

306 1141 433 1205 petens,
446 1121 523 1183 hunc
539 1120 630 1183 video
644 1121 715 1181 mihi
728 1120 818 1202 princi
840 1141 889 1182 em
909 1119 996 1182 &ad

307 1202 534 1286 fiiscipiendam,
548 1201 581 1263 δι
604 1202 642 1262 ad
660 1143 880 1285 ingrediendam
904 1200 996 1262 tatio-

308 1303 381 1345 nem
395 1283 500 1344 horum
517 1279 677 1364 studiorum
693 1277 835 1344 exstitiss'e.
858 1280 952 1363 Quod
971 1281 997 1344 si

308 1365 373 1426 haee
380 1384 442 1424 vox
448 1357 553 1442 ,hujus
561 1361 688 1424 hortatu.
697 1362 904 1444 praeceptisque
924 1383 999 1424 eon·

309 1442 454 1517 formata,
467 1435 613 1502 nonnullis
627 1435 783 1524 ¹aliquando
799 1439 879 1502 saluti
890 1440 944 1502 fuit
956 1463 966 1516 3
978 1464 998 1506 a

353 1522 419 1584 oid
437 1517 624 1603 adcepi'nius,
683 1544 703 1582 o
722 1515 831 1583 ceteris'
842 1522 1002 1604 opitulari‚·

310 1543 439 1666 ddalios
457 1601 570 1666 servare
591 1622 631 1683 po
654 1621 759 1675 emus,
780 1602 846 1662 huic
884 1599 998 1663 rofedo

310 1688 322 1744 i
344 1685 388 1758 si,
400 1699 539 1766 quantum
552 1680 593 1748 est
603 1679 690 1744 'situm
700 1684 729 1742 in
742 1682 827 1766 nobis
837 1623 894 1758 ‚dt

366 1761 485 1825 salutem
507 1762 582 1826 ferre
601 1762 754 1825 debemus.

356 1864 383 1903 2.
398 1842 463 1919 At,
475 1863 514 1907 ne
548 1845 590 1903 nis
602 1846 715 1905 anobis
729 1845 788 1906 hoc
799 1845 839 1905 ita
851 1842 906 1904 dici
919 1842 999 1907 fort&

313 1924 453 1996 miretur,
469 1865 550 2002 quod
563 1922 619 1982 alia
635 1924 768 2006 quaedam
783 1927 813 1984 in
829 1924 887 1985 hoc
904 1923 999 1986 facul-

313 2019 358 2065 tas
379 2005 414 2063 tit
431 2004 459 2061 in
481 2002 557 2075 enit,
573 2022 669 2086 neque
686 2003 749 2063 haec
767 2002 884 2084 dicendi
901 2007 974 2082 tatio
986 2023 1001 2080 ‚·

313 2101 364 2145 ant
378 2021 544 2165 discipiina':
557 2102 596 2142 ne
613 2103 667 2143 nos
681 2079 800 2163 quidem
822 2081 887 2143 huic
904 2083 999 2146 cundi

257 2227 258 2236 ,
314 2164 409 2227 studio
422 2166 535 2247 penitus
546 2183 685 2246 uniquam
696 2160 787 2224 dediti
796 2160 911 2226 fuimus.
926 2161 999 2226 Ete-

256 2289 268 2336 ι
315 2249 376 2307 nim
399 2265 502 2306 omnes
522 2260 626 2317 artes,
647 2264 710 2326 quae
733 2242 770 2302 ad
790 2241 998 2308 humanitatem

315 2327 461 2408 pertinent
472 2324 601 2399 ‚habent
609 2322 759 2405 quoddam
768 2343 924 2386 commune
935 2327 1000 2386 vin·

257 2393 275 2436 ²
316 2406 433 2479 culum,
447 2405 479 2465 &
493 2406 574 2486 quasi
591 2404 767 2488 cognatione
785 2402 909 2486 quadam
923 2407 1000 2468 inter

318 2485 348 2548 se
365 2488 556 2546 continentur.

257 2615 264 2628 .
358 2564 403 2627 11.
422 2564 482 2628 Sed
496 2586 534 2627 ne
553 2566 598 2625 cui
615 2563 742 2626 vestrdm
755 2567 859 2627 mirum
874 2564 931 2628 ess'e
950 2567 1002 2628 vi-‘

257 2637 280 2724 ζ’
317 2648 444 2721 dentur,
460 2665 510 2707 me
526 2647 556 2705 in
575 2645 731 2732 quaestione
747 2647 876 2730 le'gitima
885 2693 895 2722 ,
916 2648 949 2709 ὃ(
967 2652 999 2709 in

257 2731 280 2812 ξ
316 2728 427 2811 judicio
448 2726 591 2809 publico,
619 2747 708 2808 quum
732 2725 776 2826 red
798 2746 899 2824 agatur
919 2729 999 2811 apud

257 2815 275 2892 ζ
316 2826 474 2892 ptaetotetn
488 2829 529 2898 po
552 2807 591 2868 uli
602 2807 942 2881 Romanitledhssimum
952 2812 1000 2872 vi·

257 2895 271 2944 ἴ
318 2907 404 2962 rum,
420 2888 453 2948 δι
466 2829 550 2970 apud
557 2877 754 2951 severissimos
767 2888 878 2970 judices
889 2937 901 2964 ‚
913 2908 1000 2952 tanto

257 2951 274 3054 ξ
318 2983 469 3030 conventu
478 2969 630 3031 hominum
642 2992 676 3030 ac
688 2969 869 3052 frequentia,
885 2973 943 3034 hoc
957 2973 1001 3031 uti

257 3051 270 3148 Ξ
343 3065 429 3108 enere
445 3046 580 3122 dicendi,
597 3050 677 3131 quod
697 3073 759 3112 non
780 3052 870 3111 modo
891 3075 907 3112 a
925 3072 1001 3111 con-

258 3191 266 3204 „
319 3071 471 3191 {uetudine
488 3124 680 3204 judiciorum,
699 3134 801 3193 verum
820 3132 908 3192 etiam
922 3154 938 3190 a
953 3129 1002 3191 fo·
1056 3183 1092 3197 ,..,

257 3213 265 3228 ’
318 3210 399 3279 tensi
414 3204 547 3268 sermone
562 3207 734 3274 abhorreat:
748 3209 843 3294 quaeso
861 3233 879 3271 a
894 3212 1022 3294 vobisj:

259 3295 262 3304 ¹
367 3292 467 3357 Tssmlls
484 3293 521 3370 νς
851 3290 883 3363 ’Ῑῖ
981 3287 1006 3356 t!

904 1703 998 1766 opem
