2617 4209
337 374 437 441 Pro
464 373 510 442 A.
537 372 798 440 CLUENTIO.
853 395 922 463 119

285 491 437 558 tovimus3
482 486 562 546 uibus
588 484 635 544 illa
661 487 748 546 etiam
772 487 844 548 deos
870 490 928 546 im-

285 569 389 630 ortales
412 567 447 628 de
462 507 516 628 duo
538 564 645 627 scelere
669 565 811 642 testatur,
832 587 928 648 neque

285 649 405 730 telligit,
421 649 546 730 pietate,
565 648 597 706 &
615 646 754 729 religione
772 694 782 723 ,
801 645 930 727 &justis

288 729 402 802 ecibus,
422 728 544 790 deorum
561 743 695 801 mentes,
707 750 766 789 non
780 730 928 790 contami·

285 811 317 870 td
336 806 551 891 superstitione,
569 809 716 890 nequead
733 808 821 869 scelus
838 807 927 889 perli-

285 890 382 952 tndum
399 892 476 950 caesis
491 888 588 950 hostiis
606 886 687 969 polle
704 889 829 970 placari:
846 885 927 967 cujus

289 994 307 1031 o
327 970 453 1032 furorem
467 987 553 1051 atque
570 969 767 1030 crudelitatem
785 970 856 1029 deos
872 972 928 1028 im·

286 1051 390 1112 ottales
413 1049 500 1110 asuis
518 1052 573 1111 aris
587 1067 672 1129 atque
694 1050 808 1131 templis
829 1049 930 1131 asper·

286 1149 338 1192 nos
359 1128 415 1190 effe
432 1128 560 1190 confido.

293 1208 427 1273 LXIX.
456 1209 551 1282 Vos,
583 1207 729 1279 Iudices,
761 1229 834 1290 quos
862 1208 929 1270 huic

287 1335 295 1351 .
314 1289 453 1352 Cluentio
463 1289 600 1372 quosdam
614 1289 685 1349 alios
703 1289 775 1350 deos
790 1288 827 1349 ad
840 1309 930 1350 omne

286 1389 320 1431 tae
345 1389 460 1452 tempus
482 1370 596 1432 fortuna
614 1367 670 1431 effe
695 1370 819 1442 voluit,
846 1367 930 1448 hujus

286 1474 292 1511 ι
315 1455 499 1512 ortunitotern
521 1453 619 1514 marris
640 1473 657 1510 a
679 1448 729 1511 filii
751 1453 844 1531 capite
871 1451 929 1512 de·

286 1474 351 1595 edite
370 1554 377 1592 ε
400 1534 482 1594 multi
498 1531 571 1615 saepe
585 1534 615 1592 in
631 1528 786 1610 iudicando
810 1549 931 1612 peccata

286 1613 396 1684 κώπη,
412 1631 562 1694 parentum
576 1611 775 1672 misericordiae
785 1610 933 1674 concelie·

289 1710 321 1752 nt
339 1714 346 1752 ι
363 1713 438 1766 vos,
460 1714 497 1754 ne
519 1690 601 1770 hujus
618 1691 814 1752 honestissime
839 1692 933 1752 adam

287 1790 347 1832 tam
372 1775 468 1832 matris
487 1771 646 1833 crudelitati
665 1771 837 1832 condonetis
854 1816 866 1843 ,
881 1794 935 1832 ro·

286 1874 356 1913 imus
375 1874 382 1912 ι
403 1852 557 1934 praesertirn
579 1872 668 1933 quum
684 1873 721 1912 ex
742 1851 829 1911 altera
851 1869 934 1930 parte

286 1951 351 1994 tum
375 1935 560 2014 municipium
583 1932 684 1992 videre
701 1933 826 2010 possitis.
853 1930 935 1991 Om-

286 2034 310 2074 ιε
324 2011 448 2086 scitote,
464 2013 478 2074 J
482 2014 579 2072 udices
591 2009 782 2093 (incredibile
792 2007 865 2070 dicio
879 2008 938 2084 est,‘

289 2093 343 2152 da
362 2111 410 2152 me
428 2091 588 2153 verisssime
604 2091 704 2160 dicitur
719 2092 737 2166 )
755 2111 857 2151 omnes
880 2090 937 2152 La·

286 2190 385 2247 nates,
408 2175 456 2252 qui
474 2174 645 2246 valuerunt,
666 2169 772 2234 venisse
786 2172 933 2248 Romam,

287 2281 289 2312 ;
307 2255 384 2314 hunc
401 2251 493 2324 studio
506 2250 723 2336 ¹frequentiique
741 2251 790 2314 suit
807 2297 819 2326 ,
860 2275 935 2314 oan-

290 2357 319 2396 m
332 2333 464 2416 possent,
475 2339 505 2396 in
519 2352 600 2396 tanto
617 2332 680 2414 ¹ejun
694 2332 825 2416 periculo
839 2276 937 2394 duble-

287 2434 370 2478 rrent.
392 2415 490 2490 Pueris
512 2415 583 2480 illud
605 2457 615 2488 .
636 2415 696 2482 hoc
715 2431 879 2494 tempore,
902 2413 938 2476 δι

287 2496 450 2570 adtribue,
476 2497 618 2578 oppidum
645 2493 747 2554 scitote
770 2491 828 2562 effe
849 2493 942 2556 narii«

287 2597 344 2648 tm,
356 2575 442 2658 idque
460 2579 490 2638 in
501 2575 646 2657 presentia
653 2617 667 2648 ,
676 2575 707 2634 in
719 2575 870 2637 communi

287 2677 308 2713 ι
327 2675 426 2734 pace,
449 2655 610 2718 domesticis
628 2655 719 2736 copiis
740 2572 937 2910 &ef
1026 2628 1052 2701 ἦ

287 2753 338 2793 uos
360 2749 457 2828 tamen
477 2735 553 2830 ipsos
575 2733 655 2824 eque
671 2776 683 2808 ,
701 2733 736 2795 dc
754 2733 854 2811 eois,

287 2812 419 2874 raesentes
430 2813 553 2890 videtis,
569 2815 653 2894 hujus
668 2811 723 2874 οι(

289 2893 375 2956 idies
392 2890 545 2972 nottetqne
558 2891 700 2960 sollicitat.
821 2889 827 2907 ⁴
