2617 4209
308 265 386 323 200
484 246 711 315 Oumo
745 241 836 313 IL'

306 384 412 437 mero,
436 362 468 423 &
487 361 621 444 suffragiis
641 357 813 435 declarari,
833 358 913 421 nihil
929 361 960 423 vi
978 381 1001 421 π

307 466 396 505 manu
414 442 553 524 perfringi
565 438 678 523 postet,
696 439 786 522 quod
804 464 876 503 non
890 464 948 504 vos
962 464 1002 523 op·

328 522 430 585 redum
453 540 544 604 atque
559 539 692 603 ereptum
704 526 885 585 teneretis:
905 540 940 584 ut
954 545 1000 584 vo·

305 545 426 665 [teretis
452 606 564 665 interea
585 621 640 684 per
685 616 777 662 entes
797 649 812 678 ,
843 622 906 686 per
929 623 1000 699 regu

307 687 406 745 omnia
426 705 491 744 cum
510 684 633 765 imperio
662 701 794 758 ummo,
813 705 891 746 cum
909 682 999 763 judei·

306 764 444 839 infinito,
464 787 530 825 cum
546 765 627 824 omni
643 764 793 843 pecunia:
818 782 858 826 ut
876 766 997 826 veniretis

305 846 338 905 in
355 844 443 906 castra
462 844 520 906 Cn.
541 844 695 984 Pomgeii,
712 858 810 925 etque
827 844 897 928 ipsa
911 845 997 917 caſtrt,

306 927 332 986 si
355 925 547 987 commodum
568 927 655 986 vois
684 921 759 985 ess'et
774 969 786 1000 ,
815 926 996 989 venderent:

305 1022 339 1067 ut
360 1009 473 1068 interea
495 1004 674 1088 magistratus
702 1003 880 1086 reliquos,
903 1007 994 1090 legibus

306 1090 445 1148 omnibus
464 1086 577 1160 soluti,
598 1087 660 1145 sine
685 1101 772 1145 metu
797 1085 995 1168 judiciorum¹

306 1171 375 1230 tine·
428 1168 522 1228 riculo·
533 1186 640 1248 petere
653 1162 781 1245 possetis
789 1187 803 1225 ε·
815 1185 855 1229 ut
877 1165 996 1231 nemond

306 1269 389 1330 popu
401 1269 449 1308 um
473 1247 640 1307 Romanum
661 1266 718 1305 vos
743 1245 911 1312 adducere
929 1295 939 1326 ,
959 1267 996 1308 nt·

306 1349 359 1390 mo
379 1327 543 1408 producere
557 1372 566 1401 ,
580 1347 641 1386 non
662 1324 782 1387 senatus
801 1347 993 1413 cogemini

305 1407 406 1469 consul
429 1412 587 1483 coercere,
609 1427 672 1467 non
689 1406 830 1469 tribunus
851 1412 949 1493 plebis
963 1427 996 1470 te·

306 1491 400 1553 tinere
421 1487 524 1570 poffet.

352 1588 418 1630 100.
450 1569 521 1630 Haec
552 1589 611 1653 ego
639 1588 697 1630 vos
728 1571 925 1655 concupiiffe
954 1589 994 1654 pro

243 1673 245 1678 ·
305 1649 401 1715 vestra
423 1648 566 1725 stultitia,
584 1666 671 1730 atque
689 1650 935 1732 intemperantia
951 1671 995 1713 non

306 1734 417 1793 miror:
435 1731 576 1814 spernite,
594 1750 642 1791 me
658 1726 802 1804 consule,
825 1729 995 1818 atrequipd

305 1811 358 1888 fe,
377 1813 515 1874 demiror.
539 1811 617 1872 Nam
675 1829 726 1870 unt
743 1816 895 1876 omnium
912 1812 995 1877 consu·

304 1891 368 1954 lum
408 1897 482 1953 ravis
500 1895 530 1953 in
552 1892 644 1973 repub
657 1892 700 1949 'ca
719 1888 928 1958 custodienda
946 1913 995 1956 cun

305 1995 341 2033 ac
362 1916 509 2056 diiigentia
528 1973 615 2033 debet
632 1969 711 2042 effe,
731 1987 802 2032 tum
821 1996 935 2038 eorum
950 1995 995 2036 tun·
1014 2017 1020 2056 t

306 2056 407 2129 xime,
425 2058 472 2134 qui
490 2075 550 2112 non
566 2058 597 2113 in
614 2050 765 2111 cunabulis
775 2098 792 2124 ‚.
805 2053 917 2119 sed-in
935 2076 995 2118 catu·
1015 2095 1019 2124 :

306 2156 347 2216 po
370 2135 432 2195 sunt
450 2132 582 2193 consules
600 2132 684 2191 fatti:
707 2133 781 2192 nulli
799 2139 928 2219 populo
947 2138 995 2199 Ro·
1015 2133 1021 2238 'l

306 2236 397 2277 mano
427 2236 481 2297 pro
509 2234 557 2275 me
582 2209 711 2291 majores
738 2216 801 2273 mei
833 2217 1019 2302 spoponde-¹

242 2342 244 2350 .
305 2312 394 2354 runt:
418 2296 489 2354 mihi
514 2294 655 2355 creditum
677 2290 718 2353 est
742 2314 751 2351 z
779 2316 797 2352 a
826 2321 883 2360 me
910 2316 1019 2382 petere.

306 2375 388 2456 quod
410 2376 532 2448 debeo,
551 2395 599 2434 me
617 2372 709 2454 ipsum
731 2377 895 2454 appellare
924 2382 996 2441 debc—

306 2458 353 2515 tis.
385 2454 647 2533 Quemadmodum
670 2498 679 2525 ‚
705 2475 798 2534 quum
829 2463 996 2540 petebam,

307 2535 376 2597 nulli
392 2555 439 2594 me
455 2536 541 2595 vobis
561 2535 692 2595 audores
709 2538 831 2615 generis
848 2546 914 2604 mei
930 2561 998 2603 con·

307 2616 501 2688 mendatunt3
521 2618 584 2688 sic,
604 2618 626 2675 si
642 2613 712 2694 quid
731 2614 898 2699 deliquero
917 2669 927 2697 ,
948 2619 998 2683 nul·

308 2699 344 2759 1ae
364 2697 426 2758 sunt
444 2698 608 2779 imagines,
633 2716 697 2777 quae
718 2714 768 2756 me
792 2719 811 2758 a
831 2705 929 2766 vobis
955 2703 998 2763 de·

307 2796 472 2870 precentur.

348 2857 537 2921 xxxvu.
556 2857 679 2940 Quare,
695 2856 792 2920 mou>
808 2880 846 2926 ut
864 2870 930 2931 vua
945 2865 998 2946 suu
1022 2823 1025 2828 ’
