2617 4209
368 416 449 517 :1'7'6
538 414 760 487 OaArto
805 407 876 487 II.

369 539 409 600 rit
417 580 430 609 ,
448 537 526 618 apud
543 535 644 614 eosdem
659 532 852 606 decemviros,
864 550 1010 613 quatum
1024 533 1065 594 bi

370 617 434 676 hat
451 619 548 697 prada
556 659 569 689 ,
587 614 775 676 manubiarum
781 655 795 684 ,
816 616 890 674 auti
912 617 1061 688 coronarii,

368 697 540 780 profiteatur.

370 841 372 846 ,
414 775 464 838 60.
481 775 539 837 Hic
551 792 649 836 tamen
665 775 710 836 vir
726 796 745 834 ο
767 774 979 851 timaeum,
1027 793 1061 836 en

372 873 481 931 amat,
503 859 639 936 excipit,
668 853 726 915 Cn.
746 794 957 935 gompeium.
1020 854 1061 915 nde

372 935 425 996 iste
446 959 528 998 amor
544 956 605 997 tam
619 933 815 1016 improvisus,
834 955 872 994 ac
886 953 957 996 tam
977 956 1008 996 re

374 1019 474 1079 tinus?
515 1019 544 1077 ui
562 1018 677 1076 honore
700 1014 931 1076 decemviratus
949 1015 1063 1077 excudi
1090 1055 1095 1068 ·

370 1112 421 1169 ‚tur
432 1039 524 1179 probb
541 1098 712 1156 nominatim
724 1091 831 1172 acujus
843 1091 1000 1175 judicium
1011 1141 1021 1169 ,
1032 1096 1062 1155 lt·
1083 1141 1087 1156 .

375 1198 504 1259 gumque
524 1177 603 1238 datio
619 1222 629 1250 ,
647 1194 799 1257 captorum
816 1195 974 1258 agrorum
994 1178 1062 1258 ipsiu
1083 1183 1087 1230 ῑ

375 1261 483 1320 virtute
510 1259 639 1341 cognitio
666 1256 806 1315 tolliturz
839 1254 932 1334 cujus
962 1278 1022 1318 nou
1042 1241 1088 1314 ini

376 1339 580 1420 provinciam,
600 1336 649 1397 sed
669 1338 698 1394 in
713 1335 772 1415 ipsa
793 1333 891 1397 castra
915 1336 1063 1400 decemviri

376 1439 444 1478 cum
464 1420 613 1497 imperio,
635 1413 746 1475 infinita
767 1419 929 1496 pecunia,
956 1418 1064 1478 maxima

378 1495 522 1579 potestate
546 1542 556 1570 ,
584 1496 617 1557 &
643 1493 752 1573 judicio
783 1516 886 1556 rerum
918 1503 1063 1569 omnium,

377 1580 551 1638 mittuntur:
577 1575 689 1654 cuijus
711 1577 977 1655 imperatorium,
1001 1575 1064 1662 quod

378 1656 492 1738 semper
506 1659 640 1719 omnibus
655 1657 882 1737 imperatoribus
899 1657 947 1720 est
962 1658 1064 1722 conset·

377 1755 504 1822 ¹vatum,
524 1737 578 1799 soh
601 1739 739 1878 enititur:
760 1740 783 1796 is
803 1740 961 1819 excipitur
982 1759 1064 1808 unus,

378 1839 418 1898 ue
439 1822 587 1881 manubias
604 1838 636 1880 re
650 1837 713 1879 erte
740 1814 861 1878 debeat.
882 1818 1004 1896 Uttbm
1017 1839 1064 1882 tat·

381 1901 451 1961 dem
468 1903 525 1964 hoc
543 1902 637 1981 capite
654 1899 749 1960 honos
765 1896 869 1958 habeti
886 1899 1028 1977 homini,
1040 1919 1065 1960 aa

381 1983 491 2044 invidia
532 1984 599 2043 uaeti
616 1978 753 2041 videtur?
882 2027 886 2032 .

424 2006 564 2124 XXffi.
586 2062 717 2124 Remittit
728 2061 786 2120 hoc
801 2057 898 2122 Rullo
918 2061 984 2125 Cn.
996 2061 1067 2124 Pom·

382 2146 492 2224 peius:
518 2142 663 2203 beneficio
687 2140 739 2200 isto
761 2142 866 2223 legis,
893 2143 1065 2228 benignitate

383 2224 572 2285 decemvirali
594 2223 665 2281 nihil
689 2223 803 2280 utitur:
832 2243 907 2283 nam
933 2228 960 2286 si
984 2223 1025 2286 est
1041 2244 1068 2282 a·

384 2325 474 2385 quum
493 2349 504 2376 ‚
522 2304 632 2384 praedas
649 2323 682 2361 ac
702 2303 851 2361 manubias
869 2302 939 2365 suas
956 2309 1069 2388 impeta·
1088 2277 1095 2426 ι

383 2399 493 2458 tores,
519 2406 578 2445 non
600 2387 629 2444 in
651 2400 842 2444 monumenta
868 2384 1005 2447 deorum
1025 2388 1069 2446 im·
1091 2433 1095 2454 ,

383 2466 550 2526 mortalium
575 2510 585 2538 ,
609 2484 705 2544 neque
735 2466 765 2522 in
789 2464 867 2523 urbis
903 2483 1097 2529 ornamenta·

387 2543 522 2605 conferre
541 2590 551 2618 ‚
569 2545 619 2606 sed
639 2546 676 2604 ad
694 2541 904 2620 decemviros,
930 2566 1071 2630 tamquam

386 2625 425 2684 ad
446 2624 602 2704 daminus,
620 2624 796 2706 deportate:
816 2626 888 2685 nihil
911 2630 972 2689 sibi
992 2654 1010 2690 a
1031 2648 1073 2710 pe·

385 2709 422 2768 tit
441 2706 585 2786 ptaecipub
603 2703 787 2785 Pompeius,
808 2706 900 2767 nihil:
923 2711 995 2770 vult
1009 2653 1037 2770 fe
1052 2712 1074 2768 in

386 2787 556 2860 communi,
575 2804 602 2845 at
625 2807 662 2846 ue
682 2789 711 2844 in
732 2785 864 2861 eodem,
885 2809 953 2869 quo
973 2791 1075 2861 ceteri,
1095 2749 1103 2878 ἱ

387 2867 450 2949 jure
470 2866 585 2929 versari.
604 2807 654 2926 ξὶη
672 2865 713 2926 est
731 2869 891 2948 iniquum,
913 2871 1075 2953 Quirites,
1099 2885 1105 2928 ·.

390 2952 414 3011 si
431 2969 535 3032 turpe,
555 2951 579 3012 si
593 2946 829 3022 intolerandum,
847 2949 905 3015 hos
927 2953 1076 3018 decemvi-
1101 2979 1104 2986 ·
