<?xml version="1.0" encoding="UTF-8"?>
<!DOCTYPE html PUBLIC "-//W3C//DTD XHTML 1.0 Transitional//EN"
    "http://www.w3.org/TR/xhtml1/DTD/xhtml1-transitional.dtd">
<html xmlns="http://www.w3.org/1999/xhtml" xml:lang="en" lang="en">
 <head>
  <title>
</title>
<meta http-equiv="Content-Type" content="text/html;charset=utf-8" />
  <meta name='ocr-system' content='tesseract 3.04.00' />
  <meta name='ocr-capabilities' content='ocr_page ocr_carea ocr_par ocr_line ocrx_word'/>
</head>
<body>
  <div class='ocr_page' id='page_1' title='image "./mtulliiciceroni08lallgoog_0118.png"; bbox 0 0 2617 4209; ppageno 0'>
   <div class='ocr_carea' id='block_1_1' title="bbox 370 348 812 420">
    <p class='ocr_par' dir='ltr' id='par_1_1' title="bbox 370 348 812 420">
     <span class='ocr_line' id='line_1_1' title="bbox 370 348 812 420; baseline -0.002 -2"><span class='ocrx_word' id='word_1_1' title='bbox 370 349 439 420; x_wconf 83' lang='lat'>108</span> <span class='ocrx_word' id='word_1_2' title='bbox 591 348 812 417; x_wconf 73' lang='lat' dir='ltr'>OnArro</span> 
     </span>
    </p>
   </div>
   <div class='ocr_carea' id='block_1_2' title="bbox 277 460 1105 2881">
    <p class='ocr_par' dir='ltr' id='par_1_2' title="bbox 277 460 1105 2881">
     <span class='ocr_line' id='line_1_2' title="bbox 363 460 1059 547; baseline 0 -23"><span class='ocrx_word' id='word_1_3' title='bbox 363 466 545 536; x_wconf 84' lang='lat' dir='ltr'>hementer,</span> <span class='ocrx_word' id='word_1_4' title='bbox 572 463 635 539; x_wconf 75' lang='grc' dir='ltr'>δι,</span> <span class='ocrx_word' id='word_1_5' title='bbox 666 465 855 547; x_wconf 84' lang='lat' dir='ltr'>posteaquam</span> <span class='ocrx_word' id='word_1_6' title='bbox 879 460 919 520; x_wconf 85' lang='lat' dir='ltr'>ad</span> <span class='ocrx_word' id='word_1_7' title='bbox 948 462 1059 524; x_wconf 89' lang='lat' dir='ltr'>urbent</span> 
     </span>
     <span class='ocr_line' id='line_1_3' title="bbox 366 542 1059 628; baseline 0.003 -24"><span class='ocrx_word' id='word_1_8' title='bbox 366 565 433 604; x_wconf 91' lang='lat' dir='ltr'>curn</span> <span class='ocrx_word' id='word_1_9' title='bbox 461 542 536 603; x_wconf 85' lang='lat' dir='ltr'>febri</span> <span class='ocrx_word' id='word_1_10' title='bbox 562 548 706 618; x_wconf 85' lang='lat' dir='ltr'>venerit,</span> <span class='ocrx_word' id='word_1_11' title='bbox 731 548 830 628; x_wconf 79' lang='lat' dir='ltr'>paucis</span> <span class='ocrx_word' id='word_1_12' title='bbox 858 542 964 602; x_wconf 88' lang='lat' dir='ltr'>diebus</span> <span class='ocrx_word' id='word_1_13' title='bbox 992 544 1059 606; x_wconf 84' lang='lat' dir='ltr'>-esse</span> 
     </span>
     <span class='ocr_line' id='line_1_4' title="bbox 365 622 1103 701; baseline 0 -16"><span class='ocrx_word' id='word_1_14' title='bbox 365 643 506 685; x_wconf 86' lang='lat' dir='ltr'>mortuus.</span> <span class='ocrx_word' id='word_1_15' title='bbox 521 622 628 687; x_wconf 87' lang='lat' dir='ltr'>Mortis</span> <span class='ocrx_word' id='word_1_16' title='bbox 641 629 736 698; x_wconf 90' lang='lat' dir='ltr'>ratio,</span> <span class='ocrx_word' id='word_1_17' title='bbox 751 627 888 697; x_wconf 86' lang='lat' dir='ltr'>Iudices,</span> <span class='ocrx_word' id='word_1_18' title='bbox 905 622 1059 701; x_wconf 78' lang='lat' dir='ltr'>ejusmodi</span> <span class='ocrx_word' id='word_1_19' title='bbox 1100 653 1103 658; x_wconf 95' lang='lat'>·</span> 
     </span>
     <span class='ocr_line' id='line_1_5' title="bbox 367 703 1057 786; baseline 0.001 -22"><span class='ocrx_word' id='word_1_20' title='bbox 367 703 433 778; x_wconf 88' lang='lat' dir='ltr'>est,</span> <span class='ocrx_word' id='word_1_21' title='bbox 451 720 483 764; x_wconf 92' lang='lat' dir='ltr'>ut</span> <span class='ocrx_word' id='word_1_22' title='bbox 501 721 550 763; x_wconf 86' lang='lat' dir='ltr'>aut</span> <span class='ocrx_word' id='word_1_23' title='bbox 565 706 634 766; x_wconf 89' lang='lat' dir='ltr'>nihil</span> <span class='ocrx_word' id='word_1_24' title='bbox 652 707 757 767; x_wconf 82' lang='lat' dir='ltr'>habeat</span> <span class='ocrx_word' id='word_1_25' title='bbox 774 705 966 786; x_wconf 86' lang='lat' dir='ltr'>suspicionis,</span> <span class='ocrx_word' id='word_1_26' title='bbox 987 722 1057 777; x_wconf 85' lang='lat' dir='ltr'>aut,</span> 
     </span>
     <span class='ocr_line' id='line_1_6' title="bbox 365 784 1103 902; baseline 0.003 -58"><span class='ocrx_word' id='word_1_27' title='bbox 365 789 388 845; x_wconf 90' lang='lat' dir='ltr'>si</span> <span class='ocrx_word' id='word_1_28' title='bbox 406 786 475 865; x_wconf 88' lang='lat' dir='ltr'>quid</span> <span class='ocrx_word' id='word_1_29' title='bbox 490 785 595 860; x_wconf 87' lang='lat' dir='ltr'>habet,</span> <span class='ocrx_word' id='word_1_30' title='bbox 614 788 643 845; x_wconf 90' lang='lat' dir='ltr'>id</span> <span class='ocrx_word' id='word_1_31' title='bbox 658 790 731 847; x_wconf 87' lang='lat' dir='ltr'>intra</span> <span class='ocrx_word' id='word_1_32' title='bbox 748 791 871 869; x_wconf 84' lang='lat' dir='ltr'>parietes</span> <span class='ocrx_word' id='word_1_33' title='bbox 883 786 915 843; x_wconf 91' lang='lat' dir='ltr'>in</span> <span class='ocrx_word' id='word_1_34' title='bbox 935 784 1058 846; x_wconf 88' lang='lat' dir='ltr'>domes·</span> <span class='ocrx_word' id='word_1_35' title='bbox 1097 815 1103 902; x_wconf 68' lang='grc' dir='ltr'>Ι</span> 
     </span>
     <span class='ocr_line' id='line_1_7' title="bbox 364 864 1101 927; baseline -0.005 -1"><span class='ocrx_word' id='word_1_36' title='bbox 364 869 425 926; x_wconf 89' lang='lat' dir='ltr'>tico</span> <span class='ocrx_word' id='word_1_37' title='bbox 441 864 545 926; x_wconf 86' lang='lat' dir='ltr'>scelere</span> <span class='ocrx_word' id='word_1_38' title='bbox 559 866 699 927; x_wconf 87' lang='lat' dir='ltr'>versetur.</span> <span class='ocrx_word' id='word_1_39' title='bbox 1052 877 1056 884; x_wconf 88' lang='grc'>·</span> <span class='ocrx_word' id='word_1_40' title='bbox 1097 915 1101 922; x_wconf 95' lang='grc'>.</span> 
     </span>
     <span class='ocr_line' id='line_1_8' title="bbox 368 943 1105 1025; baseline 0.004 -20"><span class='ocrx_word' id='word_1_41' title='bbox 368 1011 373 1022; x_wconf 55' lang='grc'>,</span> <span class='ocrx_word' id='word_1_42' title='bbox 410 945 541 1007; x_wconf 88' lang='lat' dir='ltr'><strong>LXIII.</strong></span> <span class='ocrx_word' id='word_1_43' title='bbox 562 946 628 1007; x_wconf 89' lang='lat' dir='ltr'>Post</span> <span class='ocrx_word' id='word_1_44' title='bbox 645 964 773 1007; x_wconf 86' lang='lat' dir='ltr'>mortem</span> <span class='ocrx_word' id='word_1_45' title='bbox 796 943 858 1025; x_wconf 78' lang='lat' dir='ltr'>ejus</span> <span class='ocrx_word' id='word_1_46' title='bbox 878 943 978 1006; x_wconf 85' lang='lat' dir='ltr'>Sassia</span> <span class='ocrx_word' id='word_1_47' title='bbox 998 944 1056 1008; x_wconf 82' lang='lat' dir='ltr'>sta·</span> <span class='ocrx_word' id='word_1_48' title='bbox 1102 995 1105 1024; x_wconf 61' lang='grc'>;</span> 
     </span>
     <span class='ocr_line' id='line_1_9' title="bbox 333 1027 1055 1106; baseline 0 -19"><span class='ocrx_word' id='word_1_49' title='bbox 333 1044 343 1057; x_wconf 84' lang='grc'>·</span> <span class='ocrx_word' id='word_1_50' title='bbox 365 1027 420 1087; x_wconf 90' lang='lat' dir='ltr'>tim</span> <span class='ocrx_word' id='word_1_51' title='bbox 443 1028 539 1087; x_wconf 88' lang='lat' dir='ltr'>moliri</span> <span class='ocrx_word' id='word_1_52' title='bbox 562 1028 672 1088; x_wconf 85' lang='lat' dir='ltr'>nefaria</span> <span class='ocrx_word' id='word_1_53' title='bbox 694 1029 797 1088; x_wconf 87' lang='lat' dir='ltr'>mulier</span> <span class='ocrx_word' id='word_1_54' title='bbox 820 1028 911 1106; x_wconf 80' lang='lat' dir='ltr'>coepit</span> <span class='ocrx_word' id='word_1_55' title='bbox 935 1028 1055 1088; x_wconf 88' lang='lat' dir='ltr'>insidias</span> 
     </span>
     <span class='ocr_line' id='line_1_10' title="bbox 365 1105 1054 1189; baseline 0.003 -21"><span class='ocrx_word' id='word_1_56' title='bbox 365 1105 449 1168; x_wconf 87' lang='lat' dir='ltr'>filio:</span> <span class='ocrx_word' id='word_1_57' title='bbox 472 1105 659 1189; x_wconf 81' lang='lat' dir='ltr'>quaestionem</span> <span class='ocrx_word' id='word_1_58' title='bbox 682 1110 790 1168; x_wconf 88' lang='lat' dir='ltr'>babere</span> <span class='ocrx_word' id='word_1_59' title='bbox 811 1108 849 1166; x_wconf 86' lang='lat' dir='ltr'>de</span> <span class='ocrx_word' id='word_1_60' title='bbox 874 1108 932 1167; x_wconf 84' lang='lat' dir='ltr'>viri</span> <span class='ocrx_word' id='word_1_61' title='bbox 955 1124 1054 1170; x_wconf 88' lang='lat' dir='ltr'>morte</span> 
     </span>
     <span class='ocr_line' id='line_1_11' title="bbox 366 1188 1055 1268; baseline 0.003 -21"><span class='ocrx_word' id='word_1_62' title='bbox 366 1188 513 1249; x_wconf 86' lang='lat' dir='ltr'>constituit</span> <span class='ocrx_word' id='word_1_63' title='bbox 525 1210 532 1247; x_wconf 93' lang='lat'>:</span> <span class='ocrx_word' id='word_1_64' title='bbox 550 1193 621 1251; x_wconf 86' lang='lat' dir='ltr'>emit</span> <span class='ocrx_word' id='word_1_65' title='bbox 633 1191 670 1250; x_wconf 90' lang='lat' dir='ltr'>de</span> <span class='ocrx_word' id='word_1_66' title='bbox 688 1191 728 1249; x_wconf 89' lang='lat' dir='ltr'>A.</span> <span class='ocrx_word' id='word_1_67' title='bbox 745 1189 863 1268; x_wconf 88' lang='lat' dir='ltr'>Rupilio</span> <span class='ocrx_word' id='word_1_68' title='bbox 875 1231 885 1261; x_wconf 89' lang='lat'>,</span> <span class='ocrx_word' id='word_1_69' title='bbox 904 1208 967 1267; x_wconf 89' lang='lat' dir='ltr'>quo</span> <span class='ocrx_word' id='word_1_70' title='bbox 979 1196 982 1202; x_wconf 85' lang='lat'>&#39;</span> <span class='ocrx_word' id='word_1_71' title='bbox 993 1207 1055 1249; x_wconf 84' lang='lat' dir='ltr'>erat</span> 
     </span>
     <span class='ocr_line' id='line_1_12' title="bbox 364 1268 1056 1351; baseline -0.001 -22"><span class='ocrx_word' id='word_1_72' title='bbox 364 1268 428 1329; x_wconf 86' lang='lat' dir='ltr'>usus</span> <span class='ocrx_word' id='word_1_73' title='bbox 440 1270 620 1351; x_wconf 85' lang='lat' dir='ltr'>Oppianicus</span> <span class='ocrx_word' id='word_1_74' title='bbox 629 1272 743 1331; x_wconf 89' lang='lat' dir='ltr'>medico</span> <span class='ocrx_word' id='word_1_75' title='bbox 754 1268 943 1343; x_wconf 85' lang='lat' dir='ltr'>,Stratonem</span> <span class='ocrx_word' id='word_1_76' title='bbox 954 1289 1056 1349; x_wconf 85' lang='lat' dir='ltr'>quem·</span> 
     </span>
     <span class='ocr_line' id='line_1_13' title="bbox 366 1348 1054 1430; baseline 0.006 -22"><span class='ocrx_word' id='word_1_77' title='bbox 366 1351 453 1423; x_wconf 88' lang='lat' dir='ltr'>darn,</span> <span class='ocrx_word' id='word_1_78' title='bbox 471 1352 552 1430; x_wconf 86' lang='lat' dir='ltr'>quasi</span> <span class='ocrx_word' id='word_1_79' title='bbox 571 1369 602 1410; x_wconf 93' lang='lat' dir='ltr'>ut</span> <span class='ocrx_word' id='word_1_80' title='bbox 619 1351 697 1409; x_wconf 87' lang='lat' dir='ltr'>idern</span> <span class='ocrx_word' id='word_1_81' title='bbox 715 1349 850 1419; x_wconf 87' lang='lat' dir='ltr'>faceret,</span> <span class='ocrx_word' id='word_1_82' title='bbox 870 1348 956 1429; x_wconf 83' lang='lat' dir='ltr'>quod</span> <span class='ocrx_word' id='word_1_83' title='bbox 977 1349 1054 1412; x_wconf 83' lang='lat' dir='ltr'>Avi-</span> 
     </span>
     <span class='ocr_line' id='line_1_14' title="bbox 365 1427 1055 1511; baseline 0 -21"><span class='ocrx_word' id='word_1_84' title='bbox 365 1446 410 1490; x_wconf 84' lang='lat' dir='ltr'>tus</span> <span class='ocrx_word' id='word_1_85' title='bbox 429 1434 457 1488; x_wconf 91' lang='lat' dir='ltr'>in</span> <span class='ocrx_word' id='word_1_86' title='bbox 475 1431 602 1491; x_wconf 89' lang='lat' dir='ltr'>emendo</span> <span class='ocrx_word' id='word_1_87' title='bbox 618 1429 758 1511; x_wconf 83' lang='lat' dir='ltr'>Diogene</span> <span class='ocrx_word' id='word_1_88' title='bbox 774 1428 894 1490; x_wconf 85' lang='lat' dir='ltr'><strong>fecerat.</strong></span> <span class='ocrx_word' id='word_1_89' title='bbox 921 1427 976 1489; x_wconf 92' lang='lat' dir='ltr'>De</span> <span class='ocrx_word' id='word_1_90' title='bbox 996 1430 1055 1490; x_wconf 92' lang='lat' dir='ltr'>hoc</span> 
     </span>
     <span class='ocr_line' id='line_1_15' title="bbox 364 1509 1086 1591; baseline 0.001 -19"><span class='ocrx_word' id='word_1_91' title='bbox 364 1509 530 1583; x_wconf 81' lang='lat' dir='ltr'>Stratone,</span> <span class='ocrx_word' id='word_1_92' title='bbox 558 1512 590 1571; x_wconf 92' lang='lat'>&amp;</span> <span class='ocrx_word' id='word_1_93' title='bbox 620 1511 656 1578; x_wconf 89' lang='lat' dir='ltr'>de</span> <span class='ocrx_word' id='word_1_94' title='bbox 682 1509 783 1572; x_wconf 71' lang='lat' dir='ltr'>assecla</span> <span class='ocrx_word' id='word_1_95' title='bbox 808 1510 949 1591; x_wconf 85' lang='lat' dir='ltr'>quodant&#39;</span> <span class='ocrx_word' id='word_1_96' title='bbox 966 1509 1054 1573; x_wconf 82' lang='lat' dir='ltr'>servo</span> <span class='ocrx_word' id='word_1_97' title='bbox 1083 1526 1086 1536; x_wconf 91' lang='lat'>&#39;</span> 
     </span>
     <span class='ocr_line' id='line_1_16' title="bbox 364 1590 1054 1672; baseline 0.006 -23"><span class='ocrx_word' id='word_1_98' title='bbox 364 1590 437 1664; x_wconf 84' lang='lat' dir='ltr'>suo,</span> <span class='ocrx_word' id='word_1_99' title='bbox 456 1591 637 1671; x_wconf 73' lang='lat' dir='ltr'>quaesituram</span> <span class='ocrx_word' id='word_1_100' title='bbox 654 1590 711 1653; x_wconf 74' lang='lat' dir='ltr'>effe</span> <span class='ocrx_word' id='word_1_101' title='bbox 730 1592 815 1651; x_wconf 83' lang='lat' dir='ltr'>dixit:</span> <span class='ocrx_word' id='word_1_102' title='bbox 835 1591 1054 1672; x_wconf 77' lang='lat' dir='ltr'>praetereaser·</span> 
     </span>
     <span class='ocr_line' id='line_1_17' title="bbox 363 1672 1053 1751; baseline 0.006 -21"><span class='ocrx_word' id='word_1_103' title='bbox 363 1692 436 1747; x_wconf 70' lang='lat' dir='ltr'>uum</span> <span class='ocrx_word' id='word_1_104' title='bbox 459 1672 540 1730; x_wconf 85' lang='lat' dir='ltr'>illurn</span> <span class='ocrx_word' id='word_1_105' title='bbox 562 1672 784 1745; x_wconf 87' lang='lat' dir='ltr'>Nicostratum,</span> <span class='ocrx_word' id='word_1_106' title='bbox 809 1692 899 1751; x_wconf 67' lang='lat' dir='ltr'>,quern</span> <span class='ocrx_word' id='word_1_107' title='bbox 927 1674 1053 1734; x_wconf 80' lang='lat' dir='ltr'>nimium</span> 
     </span>
     <span class='ocr_line' id='line_1_18' title="bbox 364 1752 1054 1833; baseline 0 -19"><span class='ocrx_word' id='word_1_108' title='bbox 364 1753 519 1833; x_wconf 80' lang='lat' dir='ltr'>loquacem</span> <span class='ocrx_word' id='word_1_109' title='bbox 543 1752 625 1816; x_wconf 78' lang='lat' dir='ltr'>suisse-</span> <span class='ocrx_word' id='word_1_110' title='bbox 644 1799 653 1828; x_wconf 92' lang='lat'><strong>‚</strong></span> <span class='ocrx_word' id='word_1_111' title='bbox 669 1777 710 1820; x_wconf 85' lang='lat' dir='ltr'>¹ac</span> <span class='ocrx_word' id='word_1_112' title='bbox 727 1755 845 1813; x_wconf 73' lang='lat' dir='ltr'>nimium</span> <span class='ocrx_word' id='word_1_113' title='bbox 859 1752 996 1818; x_wconf 81' lang='lat' dir='ltr'>&#39;domino</span> <span class='ocrx_word' id='word_1_114' title='bbox 1010 1752 1054 1814; x_wconf 77' lang='lat' dir='ltr'>si·</span> 
     </span>
     <span class='ocr_line' id='line_1_19' title="bbox 363 1831 1052 1909; baseline 0.003 -15"><span class='ocrx_word' id='word_1_115' title='bbox 363 1832 463 1894; x_wconf 75' lang='lat' dir='ltr'>delent</span> <span class='ocrx_word' id='word_1_116' title='bbox 489 1835 700 1909; x_wconf 76' lang='lat' dir='ltr'>arbitrabatur,</span> <span class='ocrx_word' id='word_1_117' title='bbox 721 1835 757 1895; x_wconf 86' lang='lat' dir='ltr'>ab</span> <span class='ocrx_word' id='word_1_118' title='bbox 780 1834 836 1893; x_wconf 91' lang='lat' dir='ltr'>hoc</span> <span class='ocrx_word' id='word_1_119' title='bbox 863 1831 1052 1896; x_wconf 84' lang='lat' dir='ltr'>adolescente</span> 
     </span>
     <span class='ocr_line' id='line_1_20' title="bbox 362 1911 1053 1996; baseline 0 -20"><span class='ocrx_word' id='word_1_120' title='bbox 362 1912 532 1995; x_wconf 85' lang='lat' dir='ltr'>¹Oppianico</span> <span class='ocrx_word' id='word_1_121' title='bbox 549 1918 579 1975; x_wconf 88' lang='lat' dir='ltr'>in</span> <span class='ocrx_word' id='word_1_122' title='bbox 595 1914 781 1996; x_wconf 86' lang='lat' dir='ltr'>quaestionern</span> <span class='ocrx_word' id='word_1_123' title='bbox 799 1911 969 1995; x_wconf 86' lang='lat' dir='ltr'>postulavit.</span> <span class='ocrx_word' id='word_1_124' title='bbox 995 1916 1053 1976; x_wconf 88' lang='lat' dir='ltr'>Hie</span> 
     </span>
     <span class='ocr_line' id='line_1_21' title="bbox 366 1994 1052 2077; baseline 0.004 -24"><span class='ocrx_word' id='word_1_125' title='bbox 366 2016 453 2075; x_wconf 89' lang='lat' dir='ltr'>quum</span> <span class='ocrx_word' id='word_1_126' title='bbox 484 1994 553 2056; x_wconf 80' lang='lat' dir='ltr'>essct</span> <span class='ocrx_word' id='word_1_127' title='bbox 578 1998 629 2058; x_wconf 86' lang='lat' dir='ltr'>iilo</span> <span class='ocrx_word' id='word_1_128' title='bbox 655 2014 791 2077; x_wconf 88' lang='lat' dir='ltr'>tempore</span> <span class='ocrx_word' id='word_1_129' title='bbox 814 2014 914 2075; x_wconf 89' lang='lat' dir='ltr'>puer,</span> <span class='ocrx_word' id='word_1_130' title='bbox 945 1995 979 2054; x_wconf 90' lang='lat'>&amp;</span> <span class='ocrx_word' id='word_1_131' title='bbox 1006 1996 1052 2056; x_wconf 86' lang='lat' dir='ltr'>illa</span> 
     </span>
     <span class='ocr_line' id='line_1_22' title="bbox 360 2072 1054 2157; baseline 0 -21"><span class='ocrx_word' id='word_1_132' title='bbox 360 2075 483 2154; x_wconf 78' lang='lat' dir='ltr'>quaestio</span> <span class='ocrx_word' id='word_1_133' title='bbox 505 2076 543 2133; x_wconf 89' lang='lat' dir='ltr'>de</span> <span class='ocrx_word' id='word_1_134' title='bbox 560 2081 649 2157; x_wconf 88' lang='lat' dir='ltr'>patris</span> <span class='ocrx_word' id='word_1_135' title='bbox 671 2076 711 2137; x_wconf 83' lang='lat' dir='ltr'>sui</span> <span class='ocrx_word' id='word_1_136' title='bbox 730 2093 825 2136; x_wconf 90' lang='lat' dir='ltr'>morte</span> <span class='ocrx_word' id='word_1_137' title='bbox 851 2072 990 2135; x_wconf 88' lang='lat' dir='ltr'>constitui</span> <span class='ocrx_word' id='word_1_138' title='bbox 1011 2076 1054 2136; x_wconf 90' lang='lat' dir='ltr'>di-</span> 
     </span>
     <span class='ocr_line' id='line_1_23' title="bbox 364 2156 1054 2225; baseline 0.007 -11"><span class='ocrx_word' id='word_1_139' title='bbox 364 2171 496 2214; x_wconf 87' lang='lat' dir='ltr'>ceretur:</span> <span class='ocrx_word' id='word_1_140' title='bbox 519 2159 573 2214; x_wconf 88' lang='lat' dir='ltr'>etsi</span> <span class='ocrx_word' id='word_1_141' title='bbox 589 2158 669 2217; x_wconf 90' lang='lat' dir='ltr'>illum</span> <span class='ocrx_word' id='word_1_142' title='bbox 688 2156 821 2225; x_wconf 84' lang='lat' dir='ltr'>servum,</span> <span class='ocrx_word' id='word_1_143' title='bbox 836 2156 868 2214; x_wconf 89' lang='lat'>&amp;</span> <span class='ocrx_word' id='word_1_144' title='bbox 888 2156 945 2213; x_wconf 86' lang='lat' dir='ltr'>sibi</span> <span class='ocrx_word' id='word_1_145' title='bbox 958 2157 1054 2219; x_wconf 88' lang='lat' dir='ltr'>bene·</span> 
     </span>
     <span class='ocr_line' id='line_1_24' title="bbox 361 2231 1053 2315; baseline 0.01 -23"><span class='ocrx_word' id='word_1_146' title='bbox 361 2234 465 2306; x_wconf 68' lang='lat' dir='ltr'>polum</span> <span class='ocrx_word' id='word_1_147' title='bbox 485 2231 569 2309; x_wconf 81' lang='lat' dir='ltr'>esse,</span> <span class='ocrx_word' id='word_1_148' title='bbox 592 2240 624 2294; x_wconf 70' lang='grc' dir='ltr'>δι</span> <span class='ocrx_word' id='word_1_149' title='bbox 643 2240 717 2315; x_wconf 87' lang='lat' dir='ltr'>patri</span> <span class='ocrx_word' id='word_1_150' title='bbox 734 2233 814 2302; x_wconf 75' lang='lat' dir='ltr'>fuisse</span> <span class='ocrx_word' id='word_1_151' title='bbox 834 2234 1053 2313; x_wconf 59' lang='lat' dir='ltr'>arbitrabatum</span> 
     </span>
     <span class='ocr_line' id='line_1_25' title="bbox 361 2313 1053 2380; baseline 0.01 -6"><span class='ocrx_word' id='word_1_152' title='bbox 361 2315 432 2378; x_wconf 87' lang='lat' dir='ltr'>nihil</span> <span class='ocrx_word' id='word_1_153' title='bbox 453 2331 551 2375; x_wconf 90' lang='lat' dir='ltr'>tamen</span> <span class='ocrx_word' id='word_1_154' title='bbox 567 2314 608 2376; x_wconf 87' lang='lat' dir='ltr'>est</span> <span class='ocrx_word' id='word_1_155' title='bbox 623 2314 858 2375; x_wconf 85' lang='lat' dir='ltr'>aususrecusare.</span> <span class='ocrx_word' id='word_1_156' title='bbox 883 2313 1053 2380; x_wconf 84' lang='lat' dir='ltr'>Advocan-</span> 
     </span>
     <span class='ocr_line' id='line_1_26' title="bbox 362 2394 1099 2483; baseline 0.004 -28"><span class='ocrx_word' id='word_1_157' title='bbox 362 2412 410 2456; x_wconf 89' lang='lat' dir='ltr'>tur</span> <span class='ocrx_word' id='word_1_158' title='bbox 428 2397 532 2469; x_wconf 76' lang='lat' dir='ltr'>amici,</span> <span class='ocrx_word' id='word_1_159' title='bbox 551 2397 583 2457; x_wconf 72' lang='grc' dir='ltr'>δι</span> <span class='ocrx_word' id='word_1_160' title='bbox 604 2395 730 2476; x_wconf 85' lang='lat' dir='ltr'>hospites</span> <span class='ocrx_word' id='word_1_161' title='bbox 748 2394 927 2476; x_wconf 84' lang='lat' dir='ltr'>Oppianici,</span> <span class='ocrx_word' id='word_1_162' title='bbox 950 2400 987 2458; x_wconf 88' lang='lat'>&amp;</span> <span class='ocrx_word' id='word_1_163' title='bbox 1008 2404 1053 2483; x_wconf 89' lang='lat' dir='ltr'>ip·</span> <span class='ocrx_word' id='word_1_164' title='bbox 1095 2411 1099 2468; x_wconf 77' lang='grc' dir='ltr'>ζ</span> 
     </span>
     <span class='ocr_line' id='line_1_27' title="bbox 277 2475 1052 2551; baseline 0.012 -18"><span class='ocrx_word' id='word_1_165' title='bbox 277 2506 279 2509; x_wconf 32' lang='lat' dir='ltr'>v</span> <span class='ocrx_word' id='word_1_166' title='bbox 362 2477 419 2534; x_wconf 85' lang='lat' dir='ltr'>sius</span> <span class='ocrx_word' id='word_1_167' title='bbox 438 2476 563 2536; x_wconf 84' lang='lat' dir='ltr'>mulieris</span> <span class='ocrx_word' id='word_1_168' title='bbox 583 2477 684 2548; x_wconf 88' lang='lat' dir='ltr'>multi,</span> <span class='ocrx_word' id='word_1_169' title='bbox 701 2478 833 2536; x_wconf 88' lang='lat' dir='ltr'>homines</span> <span class='ocrx_word' id='word_1_170' title='bbox 847 2475 984 2551; x_wconf 87' lang='lat' dir='ltr'>honesti,</span> <span class='ocrx_word' id='word_1_171' title='bbox 1008 2499 1052 2541; x_wconf 85' lang='lat' dir='ltr'>at·</span> 
     </span>
     <span class='ocr_line' id='line_1_28' title="bbox 360 2558 1051 2635; baseline 0.01 -20"><span class='ocrx_word' id='word_1_172' title='bbox 360 2575 418 2635; x_wconf 91' lang='lat' dir='ltr'>que</span> <span class='ocrx_word' id='word_1_173' title='bbox 451 2558 585 2617; x_wconf 86' lang='lat' dir='ltr'>omnibus</span> <span class='ocrx_word' id='word_1_174' title='bbox 611 2560 696 2618; x_wconf 87' lang='lat' dir='ltr'>rebus</span> <span class='ocrx_word' id='word_1_175' title='bbox 728 2561 821 2617; x_wconf 87' lang='lat' dir='ltr'>ornari</span> <span class='ocrx_word' id='word_1_176' title='bbox 846 2577 854 2615; x_wconf 76' lang='grc' dir='ltr'><strong><em>ε</em></strong></span> <span class='ocrx_word' id='word_1_177' title='bbox 889 2565 1051 2621; x_wconf 86' lang='lat' dir='ltr'>tormentis</span> 
     </span>
     <span class='ocr_line' id='line_1_29' title="bbox 362 2636 1052 2719; baseline 0 -24"><span class='ocrx_word' id='word_1_178' title='bbox 362 2636 497 2710; x_wconf 83' lang='lat' dir='ltr'>omnibus</span> <span class='ocrx_word' id='word_1_179' title='bbox 508 2638 769 2699; x_wconf 86' lang='lat' dir='ltr'>vehementissimis</span> <span class='ocrx_word' id='word_1_180' title='bbox 784 2639 1052 2719; x_wconf 80' lang='lat' dir='ltr'>quaeritur.·Quum</span> 
     </span>
     <span class='ocr_line' id='line_1_30' title="bbox 363 2713 1101 2797; baseline 0.004 -19"><span class='ocrx_word' id='word_1_181' title='bbox 363 2713 452 2778; x_wconf 73' lang='lat' dir='ltr'>essent</span> <span class='ocrx_word' id='word_1_182' title='bbox 466 2719 553 2777; x_wconf 88' lang='lat' dir='ltr'>animi</span> <span class='ocrx_word' id='word_1_183' title='bbox 566 2719 713 2779; x_wconf 88' lang='lat' dir='ltr'>servorum</span> <span class='ocrx_word' id='word_1_184' title='bbox 731 2719 762 2777; x_wconf 88' lang='lat'>&amp;</span> <span class='ocrx_word' id='word_1_185' title='bbox 778 2720 827 2797; x_wconf 89' lang='lat' dir='ltr'>spe</span> <span class='ocrx_word' id='word_1_186' title='bbox 841 2719 873 2776; x_wconf 86' lang='lat'>&amp;</span> <span class='ocrx_word' id='word_1_187' title='bbox 887 2737 969 2778; x_wconf 89' lang='lat' dir='ltr'>metu</span> <span class='ocrx_word' id='word_1_188' title='bbox 985 2740 1054 2783; x_wconf 90' lang='lat' dir='ltr'>ten·</span> <span class='ocrx_word' id='word_1_189' title='bbox 1098 2727 1101 2748; x_wconf 80' lang='lat'>²</span> 
     </span>
     <span class='ocr_line' id='line_1_31' title="bbox 362 2797 1053 2881; baseline 0.003 -21"><span class='ocrx_word' id='word_1_190' title='bbox 362 2799 434 2872; x_wconf 84' lang='lat' dir='ltr'>tati,</span> <span class='ocrx_word' id='word_1_191' title='bbox 447 2816 478 2857; x_wconf 90' lang='lat' dir='ltr'>ut</span> <span class='ocrx_word' id='word_1_192' title='bbox 495 2800 599 2880; x_wconf 87' lang='lat' dir='ltr'>aliquid</span> <span class='ocrx_word' id='word_1_193' title='bbox 618 2804 646 2859; x_wconf 92' lang='lat' dir='ltr'>in</span> <span class='ocrx_word' id='word_1_194' title='bbox 662 2797 816 2881; x_wconf 74' lang='lat' dir='ltr'>quastione</span> <span class='ocrx_word' id='word_1_195' title='bbox 833 2800 983 2859; x_wconf 88' lang='lat' dir='ltr'>dicerent:</span> <span class='ocrx_word' id='word_1_196' title='bbox 1003 2820 1053 2862; x_wconf 87' lang='lat' dir='ltr'>ta-</span> 
     </span>
    </p>
   </div>
   <div class='ocr_carea' id='block_1_3' title="bbox 361 2878 1053 2964">
    <p class='ocr_par' dir='ltr' id='par_1_3' title="bbox 361 2878 1053 2964">
     <span class='ocr_line' id='line_1_32' title="bbox 361 2878 1053 2964; baseline 0.004 -20"><span class='ocrx_word' id='word_1_197' title='bbox 361 2899 431 2944; x_wconf 83' lang='lat' dir='ltr'>men</span> <span class='ocrx_word' id='word_1_198' title='bbox 448 2885 461 2958; x_wconf 88' lang='lat'>(</span> <span class='ocrx_word' id='word_1_199' title='bbox 475 2895 505 2942; x_wconf 90' lang='lat' dir='ltr'>ut</span> <span class='ocrx_word' id='word_1_200' title='bbox 521 2882 641 2951; x_wconf 79' lang='lat' dir='ltr'>arbitror</span> <span class='ocrx_word' id='word_1_201' title='bbox 655 2878 868 2964; x_wconf 66' lang='lat' dir='ltr'>&gt;audetisne</span> <span class='ocrx_word' id='word_1_202' title='bbox 881 2879 1053 2954; x_wconf 52' lang='lat' dir='ltr'>advocator</span> 
     </span>
    </p>
   </div>
   <div class='ocr_carea' id='block_1_4' title="bbox 0 0 1314 4209">
    <p class='ocr_par' dir='ltr' id='par_1_4' title="bbox 0 0 1314 4209">
     <span class='ocr_line' id='line_1_33' title="bbox 0 0 1314 4209; baseline 0 0"><span class='ocrx_word' id='word_1_203' title='bbox 0 0 1314 4209; x_wconf 95' lang='lat' dir='ltr'> </span> 
     </span>
    </p>
   </div>
  </div>
 </body>
</html>
