2617 4209
363 385 466 452 Pno
493 383 539 450 A.
569 382 849 453 Cruenrro.
899 397 946 475 71

263 518 335 561 nem
352 498 443 559 litium
459 543 471 572 ,
499 516 561 557 non
581 493 638 557 effe
654 493 805 575 judicium.
822 496 954 561 Scaevoia

265 579 477 639 condemnatus
489 575 530 646 est
545 576 799 651 discriminibus,
814 576 954 660 frequen·

265 661 381 720 tissimis
393 660 508 743 Apulia
519 656 638 718 restibus
649 677 657 718 ε
668 660 750 719 omni
763 662 954 726 contentione

265 755 426 823 pugnarum
445 739 487 801 est
496 785 509 814 ,
526 755 558 800 ut
576 739 610 800 lis
627 738 689 805 haec
709 741 810 821 capitis
825 738 953 802 aestima-¹

264 838 344 883 retur
365 841 373 880 :
393 843 457 906 quae
477 842 546 895 res,
567 822 591 881 si
615 821 658 884 rei
683 817 817 901 judicatae
836 821 953 904 pondus

264 899 421 979 habuiss'et',
432 902 480 964 ille
500 899 602 986 postea
618 901 669 968 vel
686 900 810 976 iisdem,
828 904 880 964 vel
891 903 954 964 aliis

265 983 413 1058 inimicis,
432 1003 499 1046 reus
515 983 569 1046 hac
586 983 652 1065 lege
667 982 730 1063 ipsi
743 981 833 1043 faiius
845 983 926 1045 effer.

306 1063 420 1127 XLII.
436 1063 572 1144 Sequitur
587 1063 639 1136 id,
655 1062 737 1144 quod
751 1063 793 1124 iili
813 1061 954 1130 'udicium

266 1144 418 1226 appellant
449 1141 606 1223 :majores
631 1159 732 1205 autem
755 1163 796 1204 no
835 1146 954 1206 'num-'

268 1245 356 1306 quam
373 1243 468 1307 neque
482 1222 622 1304 judicium
642 1225 828 1284 nominarunt
838 1267 848 1298 ,
858 1239 956 1307 neque

268 1302 956 1388 perinde,urremjudicatam,observaverunt,

267 1384 958 1469 animadversionem,atqueauiioritatemcen·

267 1467 391 1528 soriam:
409 1487 465 1551 qua
482 1467 520 1530 de
539 1485 571 1529 re
587 1484 744 1551 antequam
765 1467 862 1529 dicere
879 1469 955 1529 inci·-¹

268 1549 503 1690 iurum?
517 1548 647 1692 nuit
746 1547 957 1691 ‘'iiiii“bff

208 1719 212 1732 '
270 1654 445 1783 ricrlrlimum
458 1673 623 1771 ceierorum
637 1649 755 1791 qu‘rloqrtali
770 1733 791 1771 o
822 1651 956 1788 cioruffi,

272 1791 307 1851 &
325 1792 514 1852 amicitiarum
532 1792 606 1852 ratio
632 1789 803 1853 conservata
828 1790 885 1856 effe
908 1794 956 1854 vi·

209 1895 213 1906 ·
265 1872 384 1934 dentur.
398 1870 477 1934 Nam
494 1872 564 1946 mihi
579 1892 647 1933 cum
663 1872 733 1933 viria
748 1867 889 1948 fortibus,
907 1873 958 1954 qui

209 1963 210 1970 ’
271 1951 408 2017 censores
430 1953 564 2035 proxime
590 1951 731 2026 inerunt,
747 1951 891 2012 ambobus
916 1951 959 2014 est

272 2035 420 2129 amicitia:
437 2051 503 2093 cum
524 2031 615 2128 altero
633 2031 708 2098 veri)
725 2028 832 2115 (sicuti
848 2032 882 2094 &
895 2033 960 2117 ple·

271 2109 959 2256 >

208 2283 210 2296 '
271 2279 329 2337 situ
351 2291 405 2336 oe
431 2319 439 2334 .
947 2313 954 2324 ·

318 2353 385 2417 118.
398 2353 526 2437 Quare,
586 2354 736 2439 'dquidde
751 2353 964 2440 subscriptioni·
990 2365 993 2370 '

272 2437 328 2534 bu?
345 2456 448 2498 eorum
464 2437 535 2506 mihi
547 2377 706 2534 mendum
720 2439 796 2514 erit,
811 2435 894 2502 endi
926 2451 931 2460 ·

271 2533 396 2593 ammo,
413 2534 445 2578 ut
459 2537 579 2579 omnem
599 2533 764 2582 ommonem
781 2532 881 2582 meam

276 2597 317 2657 de
336 2597 566 2672 iliorum-fauo,
586 2597 635 2659 sed
653 2598 690 2660 de
707 2601 821 2664 rarione

276 2676 406 2737 nabimn
424 2678 574 2742 existimari
591 2680 681 2741 velim
700 2699 740 2744 :a
761 2679 888 2746 terrula

275 2774 342 2816 rem
356 2801 368 2829 ,
384 2757 511 2820 familiari
532 2780 601 2822 meo
618 2805 628 2834 ,
645 2761 694 2843 qui
714 2782 731 2821 a
754 2775 804 2824 me
823 2781 880 2846 pru
927 2755 933 2766 ’

276 2839 339 2901 mia
367 2835 415 2896 sua
439 2841 565 2916 virture,
583 2839 753 2924 summisque
771 2841 933 2904 hunoribu

276 2940 355 3002 quos
371 2940 389 2979 a
404 2918 518 3003 populo
534 2919 673 2990 Romano
688 2923 813 3008 adeptus
827 2919 890 3008 est,
906 2921 951 2996 lav
