2617 4209
371 373 444 426 110
592 349 806 421 Onarto

365 466 529 551 persuasum
551 465 608 529 effe
631 464 809 540 simulasset,
832 458 1005 524 instrudiam
1031 464 1060 527 ei

365 551 505 611 continuo
520 549 560 609 ,&
587 566 747 622 ornatam,
774 546 870 608 Latini
894 546 1060 609 medicina

365 627 535 691 exercendae
555 628 659 703 causi,
674 630 824 689 tabernam
842 626 937 687 dedit.

408 709 537 771 LXIV.
558 708 661 769 Unum
676 753 687 783 ,
703 710 843 782 alterum,
857 708 982 768 tertium
1005 728 1061 767 an·

365 810 436 851 num
453 789 547 851 Sassia
566 787 730 871 quiescebat
746 811 755 861 ;
781 806 813 849 ut
832 787 912 849 velle
930 832 944 859 ,
967 804 1061 870 atque

366 888 469 951 optare
495 870 602 951 aliquid
633 870 801 930 calamitatis
829 867 890 929 filio
922 872 1060 948 potius,

365 950 453 1030 quiam
468 952 498 1010 id
513 948 620 1012 struere
637 951 669 1010 &
687 950 782 1010 moliri
796 949 956 1011 videretur.
975 947 1060 1011 Turn

367 1032 483 1091 interim
502 1032 691 1104 Hortensio,
716 1030 842 1091 Metello
862 1028 1060 1105 consulibus,

296 1148 301 1154 -
366 1128 400 1170 ut
421 1112 497 1171 hunc
515 1110 710 1192 Oppianicum
731 1110 809 1171 aliud
829 1133 845 1169 a
868 1127 1000 1182 entem,
1026 1132 1061 1173 ac

366 1191 439 1251 nihil
452 1190 593 1271 ejusmodi
604 1196 804 1274 cogitantem,
822 1130 865 1250 ad
873 1190 951 1252 hanc
969 1212 1061 1252 accu-

367 1270 510 1333 sationem
532 1271 715 1347 detraheret,
733 1272 825 1333 invito
848 1268 1011 1351 despondit
1034 1274 1061 1334 ei

273 1395 275 1400 ·
369 1350 458 1412 filiam
474 1352 573 1426 suam,
592 1353 692 1426 iliam,
709 1374 795 1433 quam
812 1372 848 1413 ex
868 1371 984 1433 genero
1004 1351 1061 1414 sus·

371 1449 512 1512 ceperat3
532 1448 563 1492 ut
585 1451 653 1492 eum
672 1434 776 1513 nuptiis
789 1433 937 1513 alligatum
951 1434 1061 1512 simul,

372 1510 405 1572 dt
419 1509 581 1572 testamenti
595 1510 644 1593 spe
659 1512 845 1586 devindium,
856 1513 951 1593 possit
967 1513 1064 1575 habe·

371 1592 453 1651 rein
477 1590 632 1673 potestate.
656 1591 725 1655 Hoc
749 1593 810 1675 ipso
833 1592 894 1654 fere
920 1609 1063 1676 tempore

374 1669 471 1731 Strato
492 1672 540 1733 ille
556 1673 686 1734 medicus
705 1674 786 1735 domi
803 1674 913 1734 furtum
923 1675 1019 1751 fecit,
1033 1676 1063 1737 δι

373 1753 484 1812 caedem
504 1751 654 1833 ejusmodi.
689 1754 791 1834 Quum
810 1753 879 1815 esset
898 1756 930 1814 in
950 1757 1064 1818 aedibus

374 1836 549 1907 armarium,
569 1837 599 1894 in
612 1856 673 1916 quo
693 1834 777 1896 sciret
790 1833 847 1895 effe
870 1855 1064 1899 nummorum

373 1913 570 1996 aliquantum,
590 1916 714 1975 &aurit
736 1915 824 1977 nodo
842 1914 916 1973 duos
938 1917 1064 1980 conser-

373 2014 430 2054 vos
455 1995 634 2057 dormientes
652 1996 788 2071 occidit,
810 1998 839 2056 in
861 1994 1064 2081 piscinamque

375 2072 501 2151 dejecit:
522 2074 581 2155 ipse
595 2079 708 2136 armarii
720 2076 841 2137 fundum
856 2075 1010 2154 exsecuit,
1032 2080 1065 2142 &

374 2151 444 2214 H-S
453 2154 467 2181 ⁸
481 2154 513 2213 &
525 2156 585 2214 auri
597 2159 724 2235 quinque
735 2158 837 2235 pondo
854 2154 972 2218 abstulit
982 2204 994 2234 ,
1004 2181 1066 2223 uno

375 2251 413 2292 ex
430 2231 518 2292 servis
536 2253 630 2313 puero
644 2257 705 2294 non
726 2236 826 2315 grandi
840 2236 970 2300 conscio.

420 2312 487 2374 180.
511 2313 600 2374 Furto
623 2313 760 2395 postridie
783 2318 934 2398 cognito,
966 2324 1067 2383 ornatis

344 2449 354 2475 ,-
374 2390 494 2472 suspicio
514 2396 544 2454 in
563 2414 615 2455 eoa
632 2394 759 2470 servos,
782 2400 910 2479 quinon
936 2422 1011 2463 cotta
1035 2426 1066 2465 a·

374 2473 507 2546 rebant,
529 2477 783 2537 commovebatur.
807 2478 910 2557 Quum
935 2482 992 2541 eas
1037 2486 1067 2546 io

375 2551 424 2613 illa
444 2552 526 2614 fundi
547 2556 577 2614 in
605 2560 728 2617 armario
751 2559 1068 2640 animadverteretur,

376 2634 543 2713 querebant
563 2635 716 2711 homines,
737 2659 865 2718 quonam
883 2642 979 2703 inodo
1003 2644 1069 2706 fieti

376 2712 520 2794 potuisset.
552 2715 684 2795 Quidam
708 2738 745 2778 ex
768 2722 866 2779 amicis
890 2719 996 2783 Sassiae
1020 2747 1069 2787 re-

380 2794 515 2856 cordatus
533 2794 575 2858 est
590 2841 603 2869 ,
623 2795 652 2857 se
670 2818 762 2879 nuper
780 2803 810 2860 in
829 2798 963 2863 aucti-one
987 2829 1069 2887 qua-

378 2874 567 2940 damvidiffe
583 2879 614 2940 iu
630 2878 716 2941 rebus
731 2880 847 2943 minutis
863 2880 1015 2947 aduncam
1031 2909 1071 2949 ex
