2617 4209
381 603 481 674 Pno
505 602 551 673 A.
579 605 856 675 Czonnrro.
905 626 956 696 99

275 715 373 777 «ditum
396 721 451 792 sit;
475 719 507 778 &
527 740 589 780 non
606 717 699 778 solinu
720 721 773 779 sibi
790 716 965 800 potestatem

276 799 375 858 datam
389 843 404 870 ,
419 802 524 860 verum
542 802 631 860 etiam
649 797 740 861 fidem
759 800 888 860 habitam
908 798 966 861 esse

278 877 457 940 meminisse:
474 878 575 961 polle,
589 899 678 961 quem
694 881 812 954 oderit,
828 874 967 941 absolve·

276 979 331 1032 re;
353 979 440 1039 quern
463 981 524 1021 non
546 961 664 1033 oderit,
683 961 880 1025 condemnare
897 980 907 1033 ;
932 960 968 1021 &

275 1037 390 1120 semper
408 1062 470 1100 non
490 1042 560 1122 quid
576 1039 636 1122 ipse
647 1040 741 1114 velit,
761 1041 811 1100 sed
828 1040 897 1123 quid
918 1039 967 1101 lex

278 1119 312 1180 &
332 1119 434 1201 religio
452 1139 560 1204 cogat,
577 1122 727 1202 cogitare:
749 1120 968 1183 animadverte·

275 1219 333 1274 re,
355 1201 417 1280 qui
439 1202 506 1284 lege
529 1222 595 1262 reus
616 1205 749 1272 citetur,
770 1201 807 1262 de
828 1222 888 1282 quo
911 1221 967 1262 reo

274 1278 434 1361 cognoscat
446 1324 456 1354 ,
468 1302 532 1360 quae
546 1284 636 1342 resin
715 1278 806 1341 stione
827 1281 969 1343 versetur.'

277 1359 382 1438 Quum
401 1359 465 1431 haec
483 1359 547 1419 sunt
564 1360 653 1420 viden
677 1377 792 1432 a,tum
803 1362 877 1420 verb
895 1360 968 1421 illud

275 1439 320 1499 est
338 1439 463 1498 hominis
485 1443 584 1520 magni
604 1485 615 1514 ,
637 1439 756 1500 Judices
777 1485 788 1514 ,
811 1457 897 1520 atque
918 1441 967 1500 sa-

277 1522 404 1600 pientio,
423 1539 513 1599 quum
529 1519 629 1594 illam,
641 1517 790 1598 judicandi
802 1522 885 1579 cause
897 1565 908 1592 ,
922 1537 967 1581 ta·

274 1599 384 1660 bellam
396 1598 562 1680 sumpserit,
572 1621 633 1660 non
640 1599 669 1661 se
679 1616 781 1681 putare
790 1598 847 1660 elle
860 1600 965 1676 solum,

275 1700 372 1761 neque
392 1680 684 1762 sibi,quodcumque
703 1682 907 1762 concupierit,
929 1682 965 1741 li·

273 1759 965 1844 cere;sedhabereinconsiliolegem‚religio·
1021 1760 1030 1777 '

275 1861 363 1914 nem,
374 1840 556 1920 aequitatem,
566 1839 673 1900 fidem:
685 1841 835 1900 libidinem
846 1858 942 1914 autem
951 1856 966 1918 ,¹

276 1921 400 1993 odium,
417 1919 576 1994 invidiam,
590 1937 723 1993 metum,
735 1921 967 2003 cupiditatesque¹

273 2019 382 2060 omnes
408 2019 581 2061 amovere:
610 1999 794 2079 maximeque
825 1998 964 2063 aeslimare

273 2079 482 2141 conscientiam
500 2081 607 2140 mentis
622 2079 699 2152 suae,
712 2099 798 2160 quam
811 2101 829 2136 a
847 2080 898 2138 diis
909 2082 964 2140 im·

277 2161 448 2222 mortalibus
460 2163 624 2240 accepimus
635 2181 645 2231 ;
658 2179 722 2240 quae
741 2157 851 2218 anobis
871 2158 966 2219 divel-

276 2242 299 2300 li
320 2262 381 2300 non
399 2239 518 2321 potest,
541 2261 606 2318 quae
625 2242 648 2299 si
669 2240 849 2320 optimorum
863 2242 964 2300 consi·

275 2321 384 2381 liorum
401 2338 490 2403 arque
509 2319 650 2379 factorum
663 2317 739 2379 testis
752 2322 782 2379 in
799 2322 880 2379 omni
900 2321 963 2383 vita

275 2402 362 2461 nobis
380 2402 453 2475 erit,
467 2402 528 2462 sine
544 2400 605 2459 ullo
621 2416 703 2461 metu
717 2398 873 2462 &summa
891 2420 960 2461 curn

273 2479 426 2543 honestate
443 2482 586 2542 vivemus.
901 2542 905 2546 ,

321 2563 387 2624 ιόο.
406 2562 480 2622 Haec
490 2563 514 2622 si
526 2561 568 2621 Τ.
584 2559 682 2621 Attius
697 2576 746 2622 aut
760 2557 941 2643 cognovisset
946 2570 963 2633 3

275 2659 327 2702 nur
343 2665 380 2703 co
402 2641 516 2713 ’taffet3
534 2641 668 2723 profesio
687 2660 725 2712 ne
746 2657 867 2702 conatus
890 2643 959 2723 qui-

277 2723 348 2782 dem
367 2743 384 2783 e
408 2740 438 2784 et
458 2721 582 2796 dicere,
604 2722 633 2780 id
650 2720 732 2816 quod
748 2722 847 2782 verbis
864 2722 961 2783 multis

279 2805 360 2881 egit,
378 2800 524 2879 judicem,
544 2801 625 2883 quod
641 2821 669 2862 er
684 2801 838 2875 videatur,
853 2799 962 2862 statue·

279 2900 311 2940 re
321 2925 333 2952 ,
351 2881 384 2940 &
398 2903 458 2941 non
475 2882 642 2942 devinslum
660 2881 773 2962 legibus
791 2879 848 2942 elle
868 2902 961 2963 opor-

278 2977 366 3021 tere:
390 2963 492 3041 quihus
509 2961 546 3022 de
564 2962 650 3022 rebus
666 2963 737 3021 mihi
753 2983 809 3041 pro
829 2959 961 3022 Cluentii
1000 3027 1010 3046 Ι

277 3039 454 3110 voluntate,
471 3041 590 3100 nimium
609 3061 619 3112 ;
642 3062 698 3122 pro
724 3041 887 3124 reipublicae
911 3040 961 3098 di-

276 3122 413 3240 gnitate,
434 3137 536 3201 parum
553 3139 565 3192 ;
584 3140 639 3200 pro
660 3117 755 3183 vestra
780 3120 962 3278 pfiugenna,

980 722 989 741 1
