2617 4209
285 836 328 906 —8
533 836 755 904 Onmo

305 951 430 1018 bissirno
449 950 538 1010 animi
561 947 642 1010 sensu
664 971 697 1009 ac
717 948 852 1025 dolore,
875 948 910 1011 δι
932 949 997 1030 sine

302 1032 417 1093 summo
428 1031 576 1093 dedecore
589 1032 659 1091 vitae
671 1052 704 1091 ac
718 1030 919 1113 turpitudine?
938 1032 999 1095 At·

327 1134 385 1185 ue,
399 1130 431 1172 ut
444 1111 629 1194 intelligatis,
645 1109 815 1173 Cluentium
826 1135 887 1174 non
907 1135 998 1175 accu-

304 1135 413 1255 latorio
432 1194 557 1266 animo,
576 1214 638 1254 non
659 1190 854 1255 ostentatione
873 1194 972 1277 aliqud
983 1240 997 1271 ,

306 1291 355 1335 aut
373 1274 464 1356 glorid
477 1272 631 1335 addudlum
644 1316 654 1347 ,
667 1272 718 1334 scd
731 1274 845 1336 nefariis
863 1272 997 1355 injuriis,

304 1355 482 1437 quotidianis
500 1354 628 1429 insidiis,
646 1359 800 1435 proposito
810 1374 878 1416 ante
890 1358 998 1419 oculos

305 1436 374 1498 vitae
384 1435 534 1517 periculo,
547 1456 658 1496 nomen
670 1434 827 1517 Oppianici
841 1436 995 1514 detulisse,

305 1516 393 1600 paulo
413 1516 527 1599 longius
541 1516 694 1577 exordium
707 1520 748 1577 rei
762 1516 997 1581 demonstrande

305 1617 338 1659 re
361 1614 457 1660 etam:
476 1598 557 1679 quod
595 1595 670 1658 uaeso
685 1642 695 1670 ,
708 1597 843 1675 Iudices,
867 1619 905 1660 nc
924 1621 998 1661 mo·

306 1620 377 1741 lelle
394 1680 553 1762 patiamini.
575 1619 731 1759 tl’rincipiis
748 1683 825 1745 enim
848 1682 997 1763 cognitis,

305 1760 403 1821 multb
424 1759 534 1819 facilius
555 1774 685 1818 extrema
709 1760 885 1843 intelligetis.
977 1792 979 1797 ·

351 1840 392 1900 V.
413 1839 454 1899 A.
473 1838 625 1900 Cluentius
638 1837 744 1901 Avitus
760 1840 833 1915 fuit,
846 1857 931 1923 pater
940 1841 999 1903 hu·

305 1918 410 1997 jusce,
426 1920 564 1993 ludices,
582 1920 676 1981 homo
688 1941 749 1981 non
763 1920 856 1982 solium
874 1925 999 1984 munici-

306 2005 352 2083 pii
375 2002 533 2077 Larinatis,
547 2021 584 2063 ex
603 2022 663 2082 quo
678 2017 758 2076 erat,
776 2002 826 2063 sed
840 2004 928 2064 etiam
946 2023 1000 2065 re-

310 2085 407 2165 gionis
420 2083 515 2158 illius,
533 2083 565 2143 &
587 2084 759 2155 vicinitatis,
774 2086 902 2155 virtute,
922 2084 1000 2145 exis-

309 2165 493 2237 timatione,
519 2164 672 2224 nobilitate
692 2162 774 2222 facile
818 2167 942 2245 rinceps.
968 2164 999 2227 Is

311 2264 402 2327 quum
423 2244 493 2308 eilet
512 2261 672 2316 mortuus,
695 2242 772 2302 Sulla
792 2186 824 2302 l(
848 2243 999 2325 Pompeio

307 2326 496 2399 consulibus,
522 2324 636 2405 reliquit
659 2322 735 2383 hunc
755 2342 847 2381 annos
871 2342 920 2383 xv
941 2348 1001 2387 na-

310 2424 394 2482 tum3
412 2406 553 2494 grandem
565 2422 683 2479 autem,
700 2403 732 2464 &
747 2402 875 2463 nubilem
886 2401 998 2481 filiam,

307 2510 378 2569 „qua
401 2489 486 2549 brevi
508 2502 643 2567 tempore
666 2482 732 2566 post
754 2487 841 2565 patris
866 2501 999 2549 mortem

313 2568 411 2648 nupsit
425 2565 466 2627 A.
480 2565 573 2645 Aurio
592 2564 728 2638 Melino,
742 2565 915 2628 consobrino
925 2566 996 2641 suo,

308 2644 492 2720 adolescenti
506 2648 536 2707 in
547 2646 651 2787 primis
664 2690 674 2719 ‚
685 2661 717 2705 ut
735 2652 805 2722 tuml
812 2646 997 2723 habebatur,

313 2731 390 2790 inter
406 2728 472 2789 suos
492 2727 525 2788 &
568 2723 703 2799 onesto,
727 2726 760 2786 &
777 2728 880 2790 nobili.

275 2832 276 2835 ¹
358 2828 404 2869 12.
425 2809 528 2889 Quum
548 2806 639 2871 effent
653 2808 698 2868 hae
716 2811 823 2889 nuptiae
837 2810 930 2891 plenae
951 2809 999 2869 di-

296 2887 458 2972 ¹gnitatis‚
481 2891 576 3029 plenae
597 2888 764 2953 concordiae
781 2934 791 2963 ‚
811 2891 933 2971 repente
955 2890 999 2952 est

312 2987 414 3033 exorta
431 2990 480 3029 rnu
492 2970 558 3030 ieris
572 2972 748 3051 importuna
763 2969 870 3031 nefaria
884 2971 1000 3047 libido,

306 3069 374 3125 *non
394 3049 488 3112 solim
504 3049 679 3125 dedecore,
701 3052 912 3112 verumetiam
931 3048 1000 3113 sce·

308 3132 373 3208 lere
394 3130 558 3195 convinila.
575 3129 664 3194 ,Nam
685 3130 779 3192 Sassia
797 3146 888 3190 mater
910 3129 999 3211 hujus

300 3213 398 3290 'Aviti
415 3211 537 3295 (mater
553 3214 631 3273 enim
651 3233 669 3272 a
689 3229 761 3281 me,
784 3213 910 3274 nominis
928 3233 999 3274 cau·

315 3294 369 3367 si,
386 3294 502 3354 tametsi
513 3295 545 3353 in
560 3293 636 3353 hunc
648 3290 742 3351 hostili
754 3288 824 3350 odio
843 3292 875 3351 &
890 3294 998 3355 crude-

312 3376 393 3439 litate
411 3373 473 3451 est‚
492 3392 608 3449 mater,
623 3373 741 3456 inquam
756 3417 765 3448 ,
783 3374 974 3458 appellabitur
987 3398 999 3452 3
