2617 4209
315 769 361 818 12
538 745 759 818 onnrro

307 865 358 944 pia
379 909 390 938 ‚
410 884 475 946 qua
491 863 584 926 sutura
605 857 646 922 est
666 904 676 933 ‚
695 882 713 921 a
731 877 825 922 matre
843 860 931 921 initio
956 860 1002 922 est

310 944 480 1018 adornata,
502 958 630 1006 amatre
647 940 705 1002 hoc
725 957 860 1023 tempore
881 940 1001 1002 instrui-

310 1042 357 1085 tur
376 1071 386 1099 ‚
412 1041 498 1106 atque
516 1023 652 1087 omnibus
674 1019 737 1101 ejus
756 1023 861 1105 opibus
882 1022 916 1084 δι
934 1038 1001 1084 ἐο-

307 1108 362 1188 piis
386 1123 570 1187 comparatur
585 1126 592 1165 :
609 1100 669 1184 ipsa
686 1103 811 1185 denique
825 1126 864 1164 nu
886 1123 918 1164 er
937 1103 1000 1165 La·

310 1191 402 1260 rino,
432 1184 515 1267 hujus
534 1183 722 1269 opprimendi
736 1185 842 1260 causi,
865 1125 1000 1245 llomam

311 1267 480 1329 advolavit:
500 1266 603 1351 praestb
622 1263 664 1326 est
682 1265 785 1327 mulier
801 1266 919 1340 audax,
940 1286 999 1347 pe-

310 1347 452 1423 enoiosa,
475 1349 624 1410 crudelis:
646 1344 766 1408 instituit
791 1345 998 1422 accusatores,

308 1427 419 1490 instruit
439 1429 545 1491 testes:
563 1427 695 1511 squalore
710 1425 793 1506 hujus
813 1426 998 1488 &sordibus

304 1510 421 1571 laetatur
431 1530 440 1582 ;
451 1514 569 1572 exitium
581 1525 702 1590 exoptat
714 1530 722 1568 ε
732 1507 900 1591 sanguinem
912 1509 999 1571 suum

308 1589 489 1672 profundere
503 1612 624 1656 omnem
638 1592 736 1671 cupit,
748 1588 911 1650 dummodo
922 1612 997 1670 pro-

309 1670 403 1732 fusum
420 1671 504 1752 hujus
514 1674 581 1734 ante
596 1672 706 1734 videat.
736 1670 809 1731 Hac
827 1672 880 1730 nisi
895 1675 998 1732 omnia

308 1752 512 1895 perspexeritis
529 1757 559 1814 in
577 1751 682 1824 causa,
699 1754 837 1812 temerea
855 1750 940 1812 nobis
957 1752 997 1812 il-

322 1855 369 1896 am
382 1834 520 1915 appellari
554 1849 684 1894 utatote:
696 1833 739 1892 sin
756 1851 854 1893 autem
864 1850 948 1894 erunt
963 1833 998 1894 δι

307 1855 1001 2077 uunilo2nnnuutrr2

306 2076 457 2159 ignoscere
474 2099 535 2140 non
546 2076 700 2154 'deberetis
712 2121 727 2150 ,
738 2079 761 2135 si
773 2094 913 2136 tacerem.

351 2156 434 2220 Vll.
457 2157 544 2220 Nunc
561 2156 620 2238 jaro
638 2157 800 2218 summatim
817 2177 853 2217 ex
875 2178 967 2216 onam
985 2203 1002 2232 ,,

307 2241 411 2320 quibus
441 2242 608 2301 criminibus.
631 2237 811 2317 Oppianicus
859 2256 1003 2298 amnatus

307 2323 366 2395 sit;
385 2338 417 2382 ut
432 2321 465 2381 δι
478 2318 666 2382 constantiam
683 2315 728 2376 A..
739 2314 889 2389 Cluentii,
904 2318 937 2376 &
948 2340 998 2379 ra·

307 2404 422 2466 tionem
455 2401 639 2463 accusationis
671 2396 835 2479 perspicere
864 2399 997 2479 possitis.

307 2484 355 2544 Ac
376 2486 502 2563 primum
523 2487 604 2543 causa
623 2478 774 2540 accusandi
793 2498 857 2558 quae
873 2476 962 2539 fuerit
983 2525 994 2556 ‚

306 2562 483 2634 ostendam,
504 2578 535 2621 ut
553 2558 691 2640 idipsum
711 2557 751 2619 A.
771 2556 941 2620 Cluentium
961 2564 999 2620 'vi

309 2644 342 2705 ὃ(
363 2645 534 2704 necessitate
554 2639 686 2702 coactum
703 2636 800 2700 secisse
817 2640 957 2700 videatis..

303 2771 305 2776 .
349 2742 396 2783 20.
418 2722 521 2802 Quum
544 2717 696 2785 manifesti>
717 2739 865 2782 venenum
885 2721 1002 2804 depre*

304 2802 468 2877 tenuisset,
488 2804 569 2885 quod
588 2805 633 2864 vit
649 2799 792 2864 minuo
835 2804 942 2864 ianicus
964 2805 996 2866 ei

305 2882 458 2966 paravisset
481 2905 491 2957 3
517 2884 549 2947 &
568 2903 613 2947 res
632 2903 694 2944 non
713 2824 880 2961 coniepguri
902 2927 913 2958 ,
939 2881 997 2948 sed

305 2965 399 3026 oculis
422 2986 456 3024 ac
480 2964 612 3026 manibus
636 2979 816 3038 teneretur,
839 2981 937 3044 neque
961 2968 1000 3028 in

267 3108 269 3112 ,
305 3046 388 3107 causa
409 3045 467 3107 ulla
484 3046 628 3108 dubitatio
643 3041 737 3126 pollet
751 3041 830 3118 elle3
847 3042 999 3110 accusavit

308 3126 526 3210 Oppianicum:
547 3126 635 3208 quim
651 3123 842 3196 constanter.
855 3123 888 3186 &
901 3123 999 3208 quim

305 3209 480 3292 diligenter,
499 3207 600 3290 postea
617 3207 733 3268 dicam:
746 3227 825 3268 nunc
838 3203 898 3266 hoc
918 3205 999 3272 ‘rire

301 3312 361 3353 -uos
382 3290 487 3366 volui,
507 3289 616 3353 nullam
639 3288 706 3352 huic
728 3287 815 3352 aliam
839 3307 878 3348 ac.
