2617 4209
370 881 375 892 Ι
448 793 551 894 ¹Pto
575 795 614 867 L.
632 796 867 890 .F·111⁶,0.0·‘
912 819 988 894 513

307 912 403 993 gravis
423 910 525 974 in'uria
547 911 698 992 afflixerit,
721 933 877 996 numquam
895 932 995 988 tamen

331 934 482 1073 rospexid'e
500 991 602 1056 vestrae
613 990 704 1054 'saluti
721 990 916 1067 ,'consuluille
936 1017 995 1055 vo·

307 1014 374 1146 bis,
393 1072 489 1134 liberis
503 1117 513 1149 ,
527 1070 720 1158 conjugibus,
735 1071 857 1135 fortunis
872 1071 994 1149 vestris,

308 1154 464 1233 poenitebit
482 1175 491 1213 ι
509 1151 623 1237 semper
644 1155 685 1214 ita
704 1151 829 1230 sentiet,
853 1151 941 1216 talem
963 1153 994 1220 se

308 1236 438 1293 animum
462 1233 494 1295 &
518 1236 633 1331 generis
658 1234 813 1317 dignitati,
837 1233 869 1296 δι
893 1233 996 1317 pietati

308 1308 387 1386 suae,
405 1314 437 1374 &
454 1331 553 1396 patrrae
568 1310 695 1377 debuisse
707 1335 714 1373 :
726 1336 782 1377 vos
798 1335 835 1375 ne
851 1318 995 1398 poeniteat

309 1394 362 1464 ¹tuli
377 1396 432 1455 civt
448 1417 518 1458 nou¹
528 1394 686 1480 pepercille
695 1438 707 1467 ‚
717 1416 770 1478 per
784 1396 856 1457 deos
872 1418 997 1458 immor·

309 1475 411 1536 tales!
431 1475 568 1550 Judices,
606 1475 752 1538 roridete.
776 1471 895 1557 Quotus
914 1480 995 1539 enirn

351 1554 430 1638 isque
446 1553 508 1631 est,
523 1558 573 1639 qui
585 1498 660 1618 banc
679 1557 708 1616 in
727 1558 875 1637 republica
890 1554 995 1618 sedam

324 1635 464 1717 equatur?
481 1638 534 1717 ¹qui
551 1635 658 1710 vobis,
679 1637 728 1717 qui
749 1632 835 1697 vestri
856 1637 996 1698 similibus

310 1717 427 1798 placere
447 1715 563 1798 cupiat?
582 1715 631 1797 qui
647 1717 753 1798 optimi
771 1735 857 1799 atque
876 1718 997 1799 amplis-

312 1798 378 1857 simi
396 1793 530 1878 cujusque
545 1794 672 1857 hominis
695 1812 780 1878 atque
801 1797 908 1858 ordinis
926 1819 998 1858 auc-

311 1878 461 1939 toritatem
480 1877 578 1959 magni
593 1893 675 1959 putet
688 1898 698 1950 ;
711 1897 800 1960 quum
819 1877 898 1939 illam
917 1880 998 1938 viam

314 1959 370 2017 sibi
383 1957 502 2019 videant
518 1959 733 2039 expeditiorem
750 1958 787 2017 ad
803 1956 951 2035 honores,
963 1961 998 2022 &

314 2039 352 2099 ad
367 2036 486 2111 omnia,
501 2057 564 2117 quae
580 2038 831 2118 concupiverunt?
916 2037 919 2044 ’

357 2112 469 2184 XLII.
485 2115 545 2179 Sed
560 2134 657 2179 cetera
673 2113 848 2192 sinteoru'nt
859 2138 866 2178 :
879 2116 932 2178 sibi
947 2118 1000 2179 ha·

315 2197 406 2261 beant
424 2197 620 2281 potestatem,
637 2197 692 2257 sibi
707 2197 855 2272 honores,
874 2199 927 2258 sibi
947 2218 1001 2259 ce·

315 2299 446 2355 terornm
461 2279 684 2341 commodorum
701 2276 823 2340 summas
837 2276 1001 2356 fatulra'tes.

316 2360 418 2436 Liceat
435 2360 493 2433 iis,
511 2363 560 2442 qui
575 2360 636 2420 haec
655 2359 733 2420 salva
750 2358 813 2420 elle·
823 2359 1000 2444 voluerunt,

317 2442 386 2520 ipsis
403 2435 460 2500 elle
479 2437 575 2500 salvis.
594 2437 722 2512 Nolite,
743 2439 881 2512 Iudices,
901 2436 999 2499 existi-

319 2536 399 2580 mare
411 2563 421 2592 ,
435 2538 488 2579 eos
498 2563 508 2592 ,
517 2518 618 2599 quibus
631 2521 774 2657 inrpgrum
788 2517 848 2594 est,
862 2520 912 2600 qni
926 2540 1003 2579 non·

320 2597 391 2660 dum
406 2597 443 2658 ad
457 2598 584 2658 honores
603 2619 670 2659 acce
693 2617 795 2674 erunt,
806 2621 866 2659 non
882 2597 1003 2680 exspec·
1094 2647 1095 2651 ,

319 2698 382 2741 tare
393 2675 478 2759 huius
490 2681 600 2742 exitum
610 2676 717 2759 judicii.
730 2679 760 2740 Si
774 2680 809 2741 L.
822 2679 928 2741 Flacco
942 2696 1004 2738 tan·

318 2779 366 2831 tus
377 2782 461 2821 amor
473 2761 503 2821 in
516 2760 612 2820 bonos
625 2779 728 2822 omnes
740 2805 749 2833 ‚
761 2777 872 2821 tantum
883 2763 912 2819 in
926 2780 1005 2819 rem·

319 2842 467 2927 publicant
480 2839 620 2913 studium,
631 2839 783 2902 calamitati
796 2840 899 2914 fuerit3
914 2859 1004 2922 quern

316 2923 442 3005 'posthac
464 2940 525 2984 tarn
549 2928 697 2984 amentem
723 2919 787 2984 fore
814 2924 940 3004 putatis,
955 2920 1005 3003 qui

322 3007 383 3064 rio'n'
400 3006 478 3065 illam
491 3006 569 3067 viam
582 3006 674 3076 vitae,
691 3024 777 3084 quarn
791 3003 856 3066 anti
869 3004 1006 3084 praecipi-

323 3102 384 3143 tem
404 3085 436 3144 &
451 3087 590 3145 lubricam
604 3081 664 3145 'effe
681 3084 803 3144 ducebat
816 3085 900 3157 ‚huic
914 3083 1008 3161 planae

325 3162 473 3224 &stabili
496 3164 724 3243 praeponendam
750 3162 805 3225 elle
834 3160 1007 3222 arbitretur?

325 3244 421 3323 Qubd
437 3247 460 3303 si
477 3244 576 3302 talium
590 3246 696 3305 civium
715 3264 769 3305 vos
783 3289 792 3317 ‚
806 3240 821 3304 J
823 3242 921 3303 udices
932 3284 941 3312 ‚
952 3256 1009 3298 tae-

326 3325 398 3401 det;
413 3323 556 3387 ostendite
568 3343 576 3383 ι
588 3326 741 3388 mutabunt
754 3323 924 3463 senteYntiarn
938 3365 948 3396 ,
962 3316 1011 3401 qui

863 3425 884 3465 v
