2617 4209
444 829 546 912 Pno
569 843 607 913 L.
634 844 841 913 Flacco.
912 852 995 939 ‘499

308 953 359 1017 nia
370 955 510 1037 postulata
527 959 564 1020 de
580 956 690 1038 injuriis
703 960 785 1019 unios
801 958 927 1022 Deciani
942 960 999 1022 de·

309 1037 461 1098 tulerunt?
483 1040 527 1099 At
545 1040 606 1098 bac
626 1040 736 1121 pradia
755 1045 845 1102 etiam
859 1045 891 1101 in
910 1040 997 1102 censu

309 1116 488 1178 dedicavisti.
511 1119 625 1192 Mitto,
644 1120 726 1200 quod
747 1122 841 1182 aliena
854 1143 865 1196 :p
885 1124 997 1196 initio,

308 1198 391 1278 quod
409 1198 528 1279 poffeffa
562 1220 594 1260 er
606 1201 687 1259 vim:
706 1203 813 1276 mitto,
828 1201 908 1283 qubd
925 1222 998 1260 con·

308 1278 386 1340 viiia
402 1280 439 1339 ab
457 1280 527 1361 Apo
550 1280 763 1341 onidensibus:
783 1284 892 1357 mitto,
912 1280 994 1362 qu'od

310 1378 329 1418 a
354 1358 540 1442 Pergamenis
564 1361 739 1442 repudiata:
767 1365 856 1424 mitto
879 1364 996 1435 etiam,

310 1440 391 1520 quod
409 1463 426 1501 a
443 1441 546 1502 nostris
566 1442 775 1523 mgistraribos
794 1446 825 1502 in
848 1446 994 1525 integrum

309 1518 455 1581 restituta:
474 1525 580 1595 mitto,
593 1522 674 1602 quod
695 1523 776 1583 nullo
796 1521 883 1602 inre,
898 1542 995 1605 neque

309 1602 340 1661 in
351 1621 406 1742 ἑξ,
413 1623 520 1742 liieiiue
533 1604 563 1662 in
578 1600 830 1744 poffesstilpnpsstua.
841 1683 894 1743 κά.
944 1702 997 1744 ω.

308 1758 351 1821 sui
370 1704 694 1826 εὲηἷειιιιᾶοᾳῗᾶῐὴῖιέἔοῖτ
711 1703 756 1843 jeus
775 1704 862 1824 iiiiie
880 1704 967 1823 :laniat
983 1803 997 1837 ,

309 1862 404 1903 necne
418 1846 494 1918 sint,
507 1846 650 1926 mancipi:
665 1844 821 1927 subsignari
833 1843 911 1925 apud
923 1865 997 1903 aera·

309 1923 404 1994 rium,
419 1926 497 2003 apud
513 1925 663 1985 censorem
676 1930 788 2006 possint
801 1948 809 1985 ι
823 1927 854 1986 in
871 1946 930 2008 qua
942 1927 998 1985 tri·

309 2000 350 2062 bu
373 2001 498 2082 denique
516 2003 566 2062 ista
585 2005 692 2083 praedia
712 2004 865 2065 censuisti?
892 2004 994 2066 eom-

266 2099 269 2106 ·
309 2080 409 2143 misisti
428 2126 440 2153 ,
456 2085 479 2141 si
497 2098 611 2159 tempus
637 2084 754 2161 aliquod
794 2085 888 2143 ravius
909 2088 991 2145 acci-

310 2160 416 2234 differ,
432 2182 464 2222 nt
482 2182 518 2222 ex
534 2160 634 2222 iisdem
650 2161 762 2241 praediis
830 2162 994 2242 Apolloni-

311 2241 350 2303 de
367 2288 377 2316 ‚
397 2244 430 2303 &
448 2243 552 2304 Romae
569 2245 743 2321 imperatum
759 2240 829 2301 effet
845 2243 995 2305 tributum.

312 2322 429 2383 Verium
447 2323 525 2385 esto:
543 2320 683 2406 gloriosus
699 2318 788 2381 fuisti:
805 2321 919 2381 voluisti
934 2344 997 2382 ων

310 2425 401 2486 gnum
419 2407 479 2485 agri
496 2405 619 2463 modum
636 2400 763 2472 censeri,
780 2401 812 2461 &
829 2399 892 2480 ejus
910 2425 925 2461 a
947 2404 996 2478 ri,

333 2486 361 2540 ui
371 2484 461 2542 dividi
473 2485 551 2563 plebi
561 2483 704 2543 Romanae
720 2503 782 2541 non
794 2480 900 2561 potest.
945 2479 996 2541 en·

309 2505 355 2625 ius
371 2584 402 2622 es
416 2582 555 2643 praeterea
567 2579 721 2623 numerata
734 2564 863 2644 pecuniae
878 2572 995 2621 centum

309 2645 428 2725 triginta
447 2643 513 2703 H-S
533 2644 631 2703 miliia.
649 2642 722 2703 Eam
743 2644 851 2723 opinor
868 2642 920 2700 tibi
937 2661 996 2699 nu-

309 2741 452 2786 meratam
465 2747 524 2784 non
535 2723 591 2784 effe
607 2725 709 2784 abste.
731 2723 790 2784 Sed
801 2724 862 2782 haec
878 2724 998 2782 omittor'

311 2803 424 2867 Census
442 2826 472 2866 es
490 2808 630 2883 mancipia
647 2804 805 2883 Amyntae:
819 2824 914 2883 neque
931 2803 996 2861 huic

310 2887 400 2947 ullam
413 2890 442 2947 in
457 2908 495 2947 eo
507 2884 600 2946 fecisti
611 2882 760 2963 injuriam:
776 2884 906 2964 possidet
918 2887 996 2943 enim

312 2984 349 3025 ea
366 2969 509 3058 mancipia
525 2966 684 3046 Amyntas.
705 2965 752 3058 Ae
763 2965 858 3045 primi>
876 2964 995 3045 quidem

313 3043 997 3202 Ei?¹”iliani”ufferiiriuiiffeiuiiiiiiuiiii

311 3203 476 3266 ¹Constabat
495 3206 568 3263 inter
584 3227 707 3280 omnes,
725 3207 750 3263 si
767 3204 859 3266 aliena
879 3199 998 3261 censen·

313 3286 386 3359 du,
413 3282 561 3344 Decianus
584 3284 632 3343 sua
650 3285 748 3346 facere
774 3280 867 3362 posset
890 3324 900 3353 ‚
929 3299 999 3359 eum
1096 3309 1114 3332 ,ι

314 3366 496 3452 (maximam
513 3364 674 3425 habiturum
688 3363 744 3426 effe
760 3362 906 3450 familiam.
925 3357 1001 3429 Reus
1057 3409 1069 3444 J.
