2617 4209
442 394 544 463 Pno
573 394 612 462 L.
639 394 867 462 riunena,
919 413 993 485 319

310 505 463 582 debuiffe3
486 526 589 569 contra
610 508 759 581 salutem,
782 507 852 567 nihil
878 506 999 570 debere.

310 587 417 671 Neque
439 592 519 651 enim
538 591 563 650 si
579 590 632 668 tibi
651 609 744 661 tum,
768 607 858 670 quum
881 605 998 671 peteres

310 670 490 732 consulantur
507 714 518 744 ,
538 667 630 745 affui,
650 670 761 730 idcirco
783 689 885 745 nunc,
908 690 999 751 quum

309 749 467 813 Murenam
491 753 501 810 i
523 748 585 812 sum
610 769 691 833 petas
710 794 721 824 ,
743 748 860 830 adjutor
885 747 997 812 eodem

310 830 396 914 pedo
416 830 473 893 effe
510 831 599 893 ebeo.
626 832 727 913 Atque
740 830 799 892 hoc
816 852 877 892 non
901 831 998 892 modo

310 933 373 973 non
388 912 517 987 laudati,
535 911 640 973 sedne
658 911 781 973 concedi
798 913 917 995 quidem
936 934 998 994 po·

309 992 386 1068 test,
405 1010 438 1054 ut
455 996 553 1053 amicis
574 992 677 1054 nostrie
695 992 913 1071 accusantibus,
935 1014 998 1055 non

310 1076 401 1135 etiam
419 1073 607 1135 alienissimos
624 1072 825 1136 defendamus.

349 1153 409 1215 lv.
428 1153 506 1215 Mihi
526 1173 625 1216 autem
645 1174 713 1215 cum
736 1154 888 1228 Murena,
910 1153 997 1215 Iudi-

310 1255 377 1310 ces,
397 1235 431 1296 dr
447 1252 531 1298 vetus
546 1236 578 1297 δι
592 1255 699 1317 magna
710 1232 835 1296 amicitia
848 1233 912 1308 est,
933 1253 999 1316 que

309 1318 341 1456 ip
358 1316 694 1458 eapidsbdimicationebp
706 1315 772 1458 Sssr.
791 1314 920 1457 §pipino
937 1331 999 1457 p'on

308 1415 577 1459 rcucoontetur
634 1417 651 1457 u
709 1413 922 1459 teoemin
963 1415 1000 1457 o·

308 1481 393 1617 er:
407 1420 999 1642 tinnimentum

309 1639 375 1707 nis,
392 1637 443 1695 vel
456 1603 576 1697 honorii
591 1636 673 1716 ejus,
693 1656 782 1719 quent
797 1640 919 1720 adeptus
936 1638 998 1715 est,

310 1716 473 1798 amplitudo
491 1761 501 1792 ,
517 1716 658 1776 summam
678 1716 996 1799 mihi-superbiae·.ctu·

312 1794 491 1878 delitatisque
508 1796 616 1857 famam
635 1795 795 1872 inuariffor,
808 1800 831 1857 ti
849 1795 996 1876 hominia,

310 1878 344 1939 δι
360 1877 416 1938 suis
432 1880 464 1940 δι
481 1880 584 1960 populi
598 1873 727 1938 Romani
745 1882 923 1940 ornamentis
934 1899 1001 1940 am⁴

309 1960 460 2041 piissimi,
480 1959 595 2020 causam
617 1960 691 2017 tanti
713 1959 833 2039 periculi
853 1955 1001 2041 repudias⁴

309 2038 384 2099 sem.
405 2038 513 2120 Neque
534 2036 685 2118 enimjem
699 2039 770 2099 mihi
790 2039 883 2115 lieet,
904 2057 1000 2123 neque

312 2117 355 2179 est
374 2120 520 2201 integrum
540 2163 550 2195 ‚
571 2136 605 2180 ut
624 2136 724 2181 meum
743 2117 877 2182 laborem
899 2120 1000 2182 homi-

309 2219 382 2341 ppm
397 2202 531 2281 periculis
546 2200 737 2343 sublevandilpi
747 2222 809 2264 non
822 2204 997 2346 impertiam

309 2302 742 2447 tamdssffldiffiufssn
758 2298 845 2427 {2¹22}
864 2305 997 2444 iiim
1024 2445 1027 2450 ,

308 2442 446 2520 labores,
465 2458 519 2527 per
534 2465 608 2527 quos
618 2465 653 2506 ea
664 2448 794 2527 ceperis,
804 2463 922 2528 quattu
1010 2455 1013 2460 '

309 2540 357 2583 tus
374 2526 432 2599 sis,
446 2526 617 2607 deponere,
637 2525 708 2589 effer
723 2526 850 2590 hominis
865 2529 900 2593 ἃ

309 2608 354 2677 ti,
375 2606 408 2663 ὃ(
420 2606 533 2687 ingrati.
900 2621 930 2656 ἰ·

352 2701 382 2760 9.
397 2682 490 2762 Quod
505 2692 528 2746 si
544 2689 611 2749 iicet
622 2688 776 2764 detinere,
791 2690 816 2750 ai
830 2707 863 2752 te

310 2760 448 2844 poffum,
470 2769 493 2824 si
512 2767 590 2826 nulla
610 2772 739 2844 inertiae,
756 2771 835 2831 nulle

310 2843 479 2923 turpitudo,
492 2845 569 2904 nulla
585 2847 799 2918 inhumanitatis

310 2926 410 3006 pitur3
431 2944 489 3006 ego
506 2926 580 2989 vero
595 2927 720 2990 libenter
735 2930 839 3068 daege
849 2927 928 2992 sedi·

830 3027 863 3076 W
