2617 4209
418 668 515 747 Pico
534 676 581 757 ,C.
604 674 844 746 Maturo.
912 692 995 769 225

310 779 441 865 Scauro,
455 791 584 866 Catulo,-
596 790 747 865 Metello,
761 788 911 861 Scaevola,
929 809 997 849 cum

309 863 397 930 bonis
422 869 547 956 denique
575 873 710 933 omnibus
726 873 807 931 coire
825 891 887 930 non
905 867 998 929 modi)

311 949 429 1025 salutis,
440 957 545 1014 verum
560 954 647 1014 etiam
669 949 787 1033 periculi
804 948 998 1011 societatem?

352 1029 457 1092 VIII.
486 1024 536 1093 Tu
562 1033 716 1114 denique,
742 1032 901 1103 Labiene,
925 1024 997 1107 quid

294 1108 422 1172 'faceres
445 1113 495 1172 tali
519 1110 548 1172 in
571 1134 632 1186 re,
656 1134 690 1172 ac
713 1115 879 1193 tempore?
907 1130 1000 1189 quum

308 1186 431 1273 ignaviae
449 1193 524 1254 ratio
550 1208 581 1254 te·
610 1195 640 1252 in
664 1189 765 1275 fugam
786 1211 871 1273 atque
897 1191 927 1249 in
951 1189 1000 1249 Ia-

309 1270 406 1331 tebras
431 1268 595 1354 impelleret
619 1294 629 1345 ;
656 1274 828 1354 improbitas
856 1272 890 1332 dc
916 1269 999 1331 furor

311 1350 348 1411 L.
359 1350 502 1414 Saturnini
512 1355 543 1413 in
551 1351 731 1433 Capitolium
741 1351 891 1414 arcess'eret
903 1372 914 1423 ;
926 1372 1002 1413 cou-

310 1430 384 1491 suIes
403 1432 440 1491 ad
457 1434 555 1513 patriae
573 1429 697 1494 salutem
711 1455 744 1493 ac
763 1434 928 1495 libertatem
943 1454 1001 1494 vo·

313 1528 431 1571 carent:
450 1534 538 1594 quam
551 1514 671 1573 tandem
684 1513 882 1573 audiorirarem
890 1514 903 1584 ',
912 1531 1001 1593 quam

313 1606 448 1666 vocem,
465 1589 547 1673 cujus
563 1589 669 1653 sedam
685 1592 786 1674 sequi,
807 1591 887 1673 cujus
905 1594 1002 1672 impe·

312 1669 358 1732 rio
383 1693 487 1753 parere
507 1674 690 1755 potissimum
711 1672 804 1735 velles
823 1669 835 1732 ἔ
855 1672 1004 1743 Patruus‚'

291 1815 296 1825 ,
313 1753 427 1833 inquit,
444 1774 525 1815 meus
544 1772 611 1814 cum
633 1753 787 1815 Saturnino
804 1752 869 1813 fuit.
894 1751 1002 1832 Quid?

313 1850 396 1914 pater
419 1834 563 1915 quicum?
588 1834 657 1917 quid
675 1834 687 1895 i
708 1836 864 1918 propinqui
885 1831 973 1894 vestri
990 1873 1004 1909 ‚

293 1985 295 1990 .
315 1911 427 1992 equites
438 1913 586 1973 Romani?
597 1914 667 1995 quid
679 1913 691 1975 ἒ
708 1918 803 1975 omnis
812 1913 1003 1995 praefeuura,

315 1995 416 2072 regio,
429 1995 561 2053 vicinitas
571 1993 685 2054 vestra?
696 1993 784 2074 quid?
800 2015 869 2075 ager
879 1993 1004 2055 Picenus

315 2070 463 2133 universus
486 2076 609 2145 ‚utrium
637 2073 817 2132 tribunitium
838 2072 968 2134 furorem
988 2118 1004 2146 ,

315 2172 353 2212 an
372 2151 552 2213 consularem
566 2150 767 2214 audorirarem
783 2151 899 2213 secutus
916 2152 981 2214 est?

358 2250 407 2311 23.
433 2230 578 2315 Equidem
605 2234 666 2293 boc
694 2230 807 2292 affirmo
829 2276 842 2307 ,
864 2233 948 2313 quod*
970 2248 1004 2295 tu

315 2333 393 2373 nunc
412 2313 450 2373 de
470 2332 524 2374 tuo
540 2331 648 2393 patruo
674 2312 1006 2391 praedicas„neminem

315 2410 455 2474 umquam
482 2393 575 2452 adhuc
594 2392 632 2451 de
654 2385 712 2453 sese
738 2389 795 2452 effe
819 2390 1003 2469 confestum:

316 2493 407 2533 nemo
428 2471 469 2534 est
486 2503 499 2545 ‚·
512 2475 654 2553 inquam,
672 2474 810 2534 inventus
824 2486 884 2532 tam
901 2471 1007 2553 prufli-¹

316 2571 423 2636 gatus,
444 2568 506 2613 ram
541 2548 647 2614 erditus
666 2598 676 2627 ,
698 2569 758 2614 tam
780 2554 817 2613 ab
838 2553 921 2615 omni
942 2572 1009 2618 nou

315 2633 408 2695 modi>
428 2633 506 2696 hone
532 2652 579 2694 ate
599 2679 609 2708 ,
633 2631 683 2693 sed
707 2638 799 2695 eriam·
822 2633 1011 2698 simulatione

315 2713 473 2775 honestatis
498 2714 641 2786 refluus,
667 2716 718 2795 qui
742 2714 822 2775 sein
854 2711 1010 2796 Capitolio

316 2793 397 2857 fuisse
426 2816 492 2855 cum
522 2795 677 2855 Saturnino
703 2793 856 2856 fateretur«
883 2796 927 2855 At
971 2798 990 2872 .'

315 2874 412 2936 vester
427 2891 554 2956 patruus.
572 2874 689 2958 Fueritn:
707 2876 739 2935 &
754 2874 840 2935 fuerit
855 2875 934 2935 nulli
947 2876 970 2936 'd

291 2967 295 2973 '
316 2955 478 3035 speratione
495 2972 592 3017 rerum·
610 2954 746 3030 suarum,
765 2956 848 3016 nuliis
866 2953 989 3016 domest'

319 3036 361 3092 cis
379 3035 543 3095 vquerib'us
561 3036 699 3095 coadius:
720 3036 863 3096 induxerit
884 3055 951 3096 eum

319 3112 463 3173 Saturnini
481 3114 676 3191 familiarum,
694 3133 728 3175 ut‘
742 3119 895 3175 amicitiam
933 3114 984 3173 at'

318 3210 530 3276 praeponeret:
551 3196 697 3256 idcircone
716 3199 846 3276 oportuit
865 3193 904 3256 C.
943 3193 997 3254 ‘abi

317 3277 394 3336 rium
416 3271 571 3335 desciscere
586 3298 608 3336 a
626 3276 793 3357 republica?
811 3296 872 3412 ¹¹1}ss
891 3293 977 3358 comp

289 3369 293 3375 .
875 3376 895 3415 v
957 3372 967 3384 ,
