<?xml version="1.0" encoding="UTF-8"?>
<!DOCTYPE html PUBLIC "-//W3C//DTD XHTML 1.0 Transitional//EN"
    "http://www.w3.org/TR/xhtml1/DTD/xhtml1-transitional.dtd">
<html xmlns="http://www.w3.org/1999/xhtml" xml:lang="en" lang="en">
 <head>
  <title>
</title>
<meta http-equiv="Content-Type" content="text/html;charset=utf-8" />
  <meta name='ocr-system' content='tesseract 3.04.00' />
  <meta name='ocr-capabilities' content='ocr_page ocr_carea ocr_par ocr_line ocrx_word'/>
</head>
<body>
  <div class='ocr_page' id='page_1' title='image "./mtulliiciceroni08lallgoog_0177.png"; bbox 0 0 2617 4209; ppageno 0'>
   <div class='ocr_carea' id='block_1_1' title="bbox 208 160 1087 456">
    <p class='ocr_par' dir='ltr' id='par_1_1' title="bbox 208 160 1092 456">
     <span class='ocr_line' id='line_1_1' title="bbox 1005 160 1070 195; baseline 0 -10"><span class='ocrx_word' id='word_1_1' title='bbox 1005 160 1019 185; x_wconf 81' lang='grc' dir='ltr'>Ἰ</span> <span class='ocrx_word' id='word_1_2' title='bbox 1046 172 1070 195; x_wconf 55' lang='grc' dir='ltr'>-Λ</span> 
     </span>
     <span class='ocr_line' id='line_1_2' title="bbox 1008 188 1085 219; baseline 0.013 -10"><span class='ocrx_word' id='word_1_3' title='bbox 1008 190 1013 209; x_wconf 86' lang='grc' dir='ltr'>Ι</span> <span class='ocrx_word' id='word_1_4' title='bbox 1034 207 1042 219; x_wconf 68' lang='grc'>,</span> <span class='ocrx_word' id='word_1_5' title='bbox 1072 188 1085 216; x_wconf 77' lang='grc'>”,</span> 
     </span>
     <span class='ocr_line' id='line_1_3' title="bbox 208 160 1087 456; baseline -0.068 0"><span class='ocrx_word' id='word_1_6' title='bbox 208 160 1087 456; x_wconf 67' lang='grc' dir='ltr'>-ι</span> 
     </span>
    </p>
   </div>
   <div class='ocr_carea' id='block_1_2' title="bbox 289 673 898 768">
    <p class='ocr_par' dir='ltr' id='par_1_2' title="bbox 289 673 898 768">
     <span class='ocr_line' id='line_1_4' title="bbox 289 673 898 768; baseline 0.007 -22"><span class='ocrx_word' id='word_1_7' title='bbox 289 679 362 746; x_wconf 77' lang='lat' dir='ltr'>Dr</span> <span class='ocrx_word' id='word_1_8' title='bbox 386 677 512 745; x_wconf 74' lang='lat' dir='ltr'>Lacu</span> <span class='ocrx_word' id='word_1_9' title='bbox 536 673 782 745; x_wconf 63' lang='lat' dir='ltr'>Aoum.</span> <span class='ocrx_word' id='word_1_10' title='bbox 826 679 898 768; x_wconf 86' lang='lat'>169</span> 
     </span>
    </p>
   </div>
   <div class='ocr_carea' id='block_1_3' title="bbox 217 789 1063 2977">
    <p class='ocr_par' dir='ltr' id='par_1_3' title="bbox 217 789 1063 2977">
     <span class='ocr_line' id='line_1_5' title="bbox 218 789 906 874; baseline -0.001 -22"><span class='ocrx_word' id='word_1_11' title='bbox 218 811 312 874; x_wconf 86' lang='lat' dir='ltr'>quam</span> <span class='ocrx_word' id='word_1_12' title='bbox 338 792 504 857; x_wconf 83' lang='lat' dir='ltr'><strong>mehercule</strong></span> <span class='ocrx_word' id='word_1_13' title='bbox 526 810 584 874; x_wconf 86' lang='lat' dir='ltr'>ego</span> <span class='ocrx_word' id='word_1_14' title='bbox 607 789 737 871; x_wconf 58' lang='lat' dir='ltr'>prssaecoui</span> <span class='ocrx_word' id='word_1_15' title='bbox 758 790 825 849; x_wconf 86' lang='lat' dir='ltr'>huic</span> <span class='ocrx_word' id='word_1_16' title='bbox 850 793 860 848; x_wconf 92' lang='lat' dir='ltr'>i</span> <span class='ocrx_word' id='word_1_17' title='bbox 882 793 906 851; x_wconf 84' lang='lat' dir='ltr'>si</span> 
     </span>
     <span class='ocr_line' id='line_1_6' title="bbox 221 871 907 952; baseline -0.006 -20"><span class='ocrx_word' id='word_1_18' title='bbox 221 872 378 934; x_wconf 72' lang='lat' dir='ltr'>ruuuosam</span> <span class='ocrx_word' id='word_1_19' title='bbox 396 875 429 934; x_wconf 74' lang='grc' dir='ltr'>δι</span> <span class='ocrx_word' id='word_1_20' title='bbox 449 872 584 934; x_wconf 80' lang='lat' dir='ltr'>acerbam</span> <span class='ocrx_word' id='word_1_21' title='bbox 601 871 839 952; x_wconf 75' lang='lat' dir='ltr'>praedicationem</span> <span class='ocrx_word' id='word_1_22' title='bbox 892 904 907 918; x_wconf 95' lang='lat'>-</span> 
     </span>
     <span class='ocr_line' id='line_1_7' title="bbox 221 949 906 1035; baseline -0.001 -23"><span class='ocrx_word' id='word_1_23' title='bbox 221 970 316 1013; x_wconf 87' lang='lat' dir='ltr'>turam</span> <span class='ocrx_word' id='word_1_24' title='bbox 335 971 419 1035; x_wconf 89' lang='lat' dir='ltr'>puto.</span> <span class='ocrx_word' id='word_1_25' title='bbox 440 954 547 1015; x_wconf 65' lang='lat' dir='ltr'>Audio.</span> <span class='ocrx_word' id='word_1_26' title='bbox 571 951 615 1011; x_wconf 91' lang='lat' dir='ltr'>Ut</span> <span class='ocrx_word' id='word_1_27' title='bbox 630 952 661 1010; x_wconf 83' lang='lat' dir='ltr'>in</span> <span class='ocrx_word' id='word_1_28' title='bbox 677 949 733 1010; x_wconf 87' lang='lat' dir='ltr'>suis</span> <span class='ocrx_word' id='word_1_29' title='bbox 749 952 836 1011; x_wconf 86' lang='lat' dir='ltr'>rebus</span> <span class='ocrx_word' id='word_1_30' title='bbox 846 953 906 1024; x_wconf 86' lang='lat' dir='ltr'>,ita</span> 
     </span>
     <span class='ocr_line' id='line_1_8' title="bbox 221 1030 906 1114; baseline 0 -21"><span class='ocrx_word' id='word_1_31' title='bbox 221 1035 253 1093; x_wconf 87' lang='lat' dir='ltr'>in</span> <span class='ocrx_word' id='word_1_32' title='bbox 278 1035 426 1114; x_wconf 82' lang='lat' dir='ltr'>republica</span> <span class='ocrx_word' id='word_1_33' title='bbox 450 1031 607 1094; x_wconf 86' lang='lat' dir='ltr'>iuxuriosus</span> <span class='ocrx_word' id='word_1_34' title='bbox 631 1030 672 1092; x_wconf 92' lang='lat' dir='ltr'>est</span> <span class='ocrx_word' id='word_1_35' title='bbox 698 1051 792 1111; x_wconf 85' lang='lat' dir='ltr'>nepos</span> <span class='ocrx_word' id='word_1_36' title='bbox 817 1075 827 1103; x_wconf 94' lang='lat'>‚</span> <span class='ocrx_word' id='word_1_37' title='bbox 855 1033 906 1112; x_wconf 87' lang='lat' dir='ltr'>qui</span> 
     </span>
     <span class='ocr_line' id='line_1_9' title="bbox 221 1107 907 1195; baseline 0.001 -22"><span class='ocrx_word' id='word_1_38' title='bbox 221 1115 300 1195; x_wconf 81' lang='lat' dir='ltr'>prius</span> <span class='ocrx_word' id='word_1_39' title='bbox 314 1115 399 1175; x_wconf 87' lang='lat' dir='ltr'>silvas</span> <span class='ocrx_word' id='word_1_40' title='bbox 417 1113 546 1188; x_wconf 86' lang='lat' dir='ltr'>vendat,</span> <span class='ocrx_word' id='word_1_41' title='bbox 564 1111 650 1195; x_wconf 74' lang='lat' dir='ltr'>quim</span> <span class='ocrx_word' id='word_1_42' title='bbox 667 1107 907 1174; x_wconf 86' lang='lat' dir='ltr'>vitreas.1taliam</span> 
     </span>
     <span class='ocr_line' id='line_1_10' title="bbox 222 1193 909 1278; baseline 0 -24"><span class='ocrx_word' id='word_1_43' title='bbox 222 1194 428 1275; x_wconf 87' lang='lat' dir='ltr'>percensuisti:</span> <span class='ocrx_word' id='word_1_44' title='bbox 449 1215 538 1278; x_wconf 84' lang='lat' dir='ltr'>perge</span> <span class='ocrx_word' id='word_1_45' title='bbox 557 1196 586 1253; x_wconf 89' lang='lat' dir='ltr'>in</span> <span class='ocrx_word' id='word_1_46' title='bbox 603 1193 737 1255; x_wconf 86' lang='lat' dir='ltr'>Siciliam.</span> <span class='ocrx_word' id='word_1_47' title='bbox 759 1194 909 1254; x_wconf 63' lang='lat' dir='ltr'>Auctione}</span> 
     </span>
     <span class='ocr_line' id='line_1_11' title="bbox 217 1271 906 1358; baseline 0.003 -26"><span class='ocrx_word' id='word_1_48' title='bbox 217 1297 290 1356; x_wconf 83' lang='lat' dir='ltr'>pars</span> <span class='ocrx_word' id='word_1_49' title='bbox 308 1298 367 1349; x_wconf 85' lang='lat' dir='ltr'>ea,</span> <span class='ocrx_word' id='word_1_50' title='bbox 390 1297 449 1358; x_wconf 82' lang='lat' dir='ltr'>quae</span> <span class='ocrx_word' id='word_1_51' title='bbox 468 1281 507 1335; x_wconf 86' lang='lat' dir='ltr'>ad</span> <span class='ocrx_word' id='word_1_52' title='bbox 528 1275 656 1335; x_wconf 81' lang='lat' dir='ltr'>Siciliam</span> <span class='ocrx_word' id='word_1_53' title='bbox 693 1275 797 1334; x_wconf 81' lang='lat' dir='ltr'>ertiner.</span> <span class='ocrx_word' id='word_1_54' title='bbox 824 1271 906 1335; x_wconf 87' lang='lat' dir='ltr'>Nihil</span> 
     </span>
     <span class='ocr_line' id='line_1_12' title="bbox 224 1296 908 1436; baseline 0.001 -22"><span class='ocrx_word' id='word_1_55' title='bbox 224 1352 267 1414; x_wconf 92' lang='lat' dir='ltr'>est</span> <span class='ocrx_word' id='word_1_56' title='bbox 286 1358 316 1415; x_wconf 90' lang='lat' dir='ltr'>in</span> <span class='ocrx_word' id='word_1_57' title='bbox 334 1355 389 1415; x_wconf 91' lang='lat' dir='ltr'>hac</span> <span class='ocrx_word' id='word_1_58' title='bbox 408 1358 580 1436; x_wconf 85' lang='lat' dir='ltr'>provincia,</span> <span class='ocrx_word' id='word_1_59' title='bbox 601 1296 692 1436; x_wconf 66' lang='lat' dir='ltr'>quoti</span> <span class='ocrx_word' id='word_1_60' title='bbox 705 1357 800 1414; x_wconf 87' lang='lat' dir='ltr'>autin</span> <span class='ocrx_word' id='word_1_61' title='bbox 821 1357 908 1436; x_wconf 87' lang='lat' dir='ltr'>oppi-</span> 
     </span>
     <span class='ocr_line' id='line_1_13' title="bbox 224 1432 909 1516; baseline 0.007 -24"><span class='ocrx_word' id='word_1_62' title='bbox 224 1435 289 1507; x_wconf 84' lang='lat' dir='ltr'>dis,</span> <span class='ocrx_word' id='word_1_63' title='bbox 309 1453 357 1496; x_wconf 90' lang='lat' dir='ltr'>aut</span> <span class='ocrx_word' id='word_1_64' title='bbox 375 1439 404 1494; x_wconf 87' lang='lat' dir='ltr'>in</span> <span class='ocrx_word' id='word_1_65' title='bbox 421 1439 494 1516; x_wconf 80' lang='lat' dir='ltr'>agris</span> <span class='ocrx_word' id='word_1_66' title='bbox 513 1432 640 1508; x_wconf 70' lang='lat' dir='ltr'>maiores</span> <span class='ocrx_word' id='word_1_67' title='bbox 651 1433 740 1494; x_wconf 88' lang='lat' dir='ltr'>nostri</span> <span class='ocrx_word' id='word_1_68' title='bbox 755 1437 909 1515; x_wconf 84' lang='lat' dir='ltr'>proprium</span> 
     </span>
     <span class='ocr_line' id='line_1_14' title="bbox 224 1511 887 1595; baseline -0.002 -21"><span class='ocrx_word' id='word_1_69' title='bbox 224 1514 310 1574; x_wconf 88' lang='lat' dir='ltr'>nobis</span> <span class='ocrx_word' id='word_1_70' title='bbox 330 1515 516 1595; x_wconf 88' lang='lat' dir='ltr'>reliquerint,</span> <span class='ocrx_word' id='word_1_71' title='bbox 534 1513 601 1595; x_wconf 89' lang='lat' dir='ltr'>quin</span> <span class='ocrx_word' id='word_1_72' title='bbox 612 1513 642 1571; x_wconf 88' lang='lat' dir='ltr'>id</span> <span class='ocrx_word' id='word_1_73' title='bbox 656 1515 757 1578; x_wconf 82' lang='lat' dir='ltr'>venire</span> <span class='ocrx_word' id='word_1_74' title='bbox 775 1511 887 1592; x_wconf 78' lang='lat' dir='ltr'>jubeat.</span> 
     </span>
     <span class='ocr_line' id='line_1_15' title="bbox 269 1591 908 1675; baseline 0.002 -21"><span class='ocrx_word' id='word_1_75' title='bbox 269 1612 318 1673; x_wconf 86' lang='lat'>49.</span> <span class='ocrx_word' id='word_1_76' title='bbox 334 1655 336 1662; x_wconf 81' lang='grc'>,</span> <span class='ocrx_word' id='word_1_77' title='bbox 374 1593 433 1654; x_wconf 90' lang='lat' dir='ltr'>uod</span> <span class='ocrx_word' id='word_1_78' title='bbox 451 1611 564 1675; x_wconf 87' lang='lat' dir='ltr'>partum</span> <span class='ocrx_word' id='word_1_79' title='bbox 583 1594 694 1654; x_wconf 87' lang='lat' dir='ltr'>recenti</span> <span class='ocrx_word' id='word_1_80' title='bbox 713 1591 832 1652; x_wconf 66' lang='lat' dir='ltr'>vibiorii</span> <span class='ocrx_word' id='word_1_81' title='bbox 845 1615 908 1655; x_wconf 88' lang='lat' dir='ltr'>ma·</span> 
     </span>
     <span class='ocr_line' id='line_1_16' title="bbox 223 1672 909 1755; baseline 0.001 -21"><span class='ocrx_word' id='word_1_82' title='bbox 223 1672 305 1755; x_wconf 85' lang='lat' dir='ltr'>jores</span> <span class='ocrx_word' id='word_1_83' title='bbox 322 1697 361 1734; x_wconf 90' lang='lat' dir='ltr'>vo</span> <span class='ocrx_word' id='word_1_84' title='bbox 384 1676 407 1734; x_wconf 87' lang='lat' dir='ltr'>is</span> <span class='ocrx_word' id='word_1_85' title='bbox 422 1678 450 1735; x_wconf 88' lang='lat' dir='ltr'>in</span> <span class='ocrx_word' id='word_1_86' title='bbox 469 1674 614 1738; x_wconf 85' lang='lat' dir='ltr'>sociorum</span> <span class='ocrx_word' id='word_1_87' title='bbox 632 1673 769 1747; x_wconf 83' lang='lat' dir='ltr'>urbibus,</span> <span class='ocrx_word' id='word_1_88' title='bbox 790 1695 824 1734; x_wconf 88' lang='lat' dir='ltr'>ac</span> <span class='ocrx_word' id='word_1_89' title='bbox 844 1673 909 1735; x_wconf 83' lang='lat' dir='ltr'>fini-</span> 
     </span>
     <span class='ocr_line' id='line_1_17' title="bbox 224 1755 908 1838; baseline 0.004 -22"><span class='ocrx_word' id='word_1_90' title='bbox 224 1756 299 1828; x_wconf 89' lang='lat' dir='ltr'>bus,</span> <span class='ocrx_word' id='word_1_91' title='bbox 315 1756 501 1816; x_wconf 77' lang='lat' dir='ltr'>&amp;vincqum</span> <span class='ocrx_word' id='word_1_92' title='bbox 519 1758 616 1838; x_wconf 88' lang='lat' dir='ltr'>pacis,</span> <span class='ocrx_word' id='word_1_93' title='bbox 633 1755 666 1815; x_wconf 72' lang='grc' dir='ltr'><strong>ἃ</strong></span> <span class='ocrx_word' id='word_1_94' title='bbox 683 1771 908 1819; x_wconf 82' lang='lat' dir='ltr'>monumentum</span> 
     </span>
     <span class='ocr_line' id='line_1_18' title="bbox 224 1835 908 1932; baseline 0.004 -37"><span class='ocrx_word' id='word_1_95' title='bbox 224 1835 294 1895; x_wconf 86' lang='lat' dir='ltr'>belli</span> <span class='ocrx_word' id='word_1_96' title='bbox 312 1835 513 1919; x_wconf 89' lang='lat' dir='ltr'>reliquerunt,</span> <span class='ocrx_word' id='word_1_97' title='bbox 538 1836 568 1896; x_wconf 91' lang='lat' dir='ltr'>id</span> <span class='ocrx_word' id='word_1_98' title='bbox 587 1857 642 1897; x_wconf 88' lang='lat' dir='ltr'>vos</span> <span class='ocrx_word' id='word_1_99' title='bbox 664 1835 699 1896; x_wconf 86' lang='lat' dir='ltr'>ab</span> <span class='ocrx_word' id='word_1_100' title='bbox 720 1836 774 1896; x_wconf 83' lang='lat' dir='ltr'>illis</span> <span class='ocrx_word' id='word_1_101' title='bbox 796 1857 908 1932; x_wconf 89' lang='lat' dir='ltr'>accep-</span> 
     </span>
     <span class='ocr_line' id='line_1_19' title="bbox 225 1916 907 1991; baseline 0.003 -15"><span class='ocrx_word' id='word_1_102' title='bbox 225 1933 314 1989; x_wconf 88' lang='lat' dir='ltr'>tum,</span> <span class='ocrx_word' id='word_1_103' title='bbox 335 1917 392 1978; x_wconf 91' lang='lat' dir='ltr'>hoc</span> <span class='ocrx_word' id='word_1_104' title='bbox 411 1917 526 1977; x_wconf 68' lang='lat' dir='ltr'>aubiore</span> <span class='ocrx_word' id='word_1_105' title='bbox 544 1961 554 1991; x_wconf 91' lang='lat'>,</span> <span class='ocrx_word' id='word_1_106' title='bbox 572 1916 737 1979; x_wconf 67' lang='lat' dir='ltr'>vendetis?</span> <span class='ocrx_word' id='word_1_107' title='bbox 761 1917 817 1976; x_wconf 90' lang='lat' dir='ltr'>Hic</span> <span class='ocrx_word' id='word_1_108' title='bbox 836 1918 907 1978; x_wconf 88' lang='lat' dir='ltr'>mrhi</span> 
     </span>
     <span class='ocr_line' id='line_1_20' title="bbox 225 1993 910 2077; baseline 0.006 -23"><span class='ocrx_word' id='word_1_109' title='bbox 225 2017 382 2077; x_wconf 81' lang='lat' dir='ltr'>parumper</span> <span class='ocrx_word' id='word_1_110' title='bbox 396 2015 510 2060; x_wconf 80' lang='lat' dir='ltr'>mentes</span> <span class='ocrx_word' id='word_1_111' title='bbox 521 1993 648 2069; x_wconf 88' lang='lat' dir='ltr'>vestras,</span> <span class='ocrx_word' id='word_1_112' title='bbox 665 1995 814 2074; x_wconf 87' lang='lat' dir='ltr'>Quirites,</span> <span class='ocrx_word' id='word_1_113' title='bbox 829 2019 910 2058; x_wconf 88' lang='lat' dir='ltr'>com·</span> 
     </span>
     <span class='ocr_line' id='line_1_21' title="bbox 227 2073 911 2155; baseline 0.001 -20"><span class='ocrx_word' id='word_1_114' title='bbox 227 2096 351 2136; x_wconf 88' lang='lat' dir='ltr'>movere</span> <span class='ocrx_word' id='word_1_115' title='bbox 374 2076 507 2150; x_wconf 84' lang='lat' dir='ltr'>videor,</span> <span class='ocrx_word' id='word_1_116' title='bbox 533 2073 602 2133; x_wconf 90' lang='lat' dir='ltr'>dum</span> <span class='ocrx_word' id='word_1_117' title='bbox 624 2073 770 2155; x_wconf 83' lang='lat' dir='ltr'>patefacio</span> <span class='ocrx_word' id='word_1_118' title='bbox 792 2078 878 2137; x_wconf 86' lang='lat' dir='ltr'>vobis</span> <span class='ocrx_word' id='word_1_119' title='bbox 896 2095 911 2152; x_wconf 88' lang='grc'>,·</span> 
     </span>
     <span class='ocr_line' id='line_1_22' title="bbox 249 2153 909 2238; baseline 0.003 -23"><span class='ocrx_word' id='word_1_120' title='bbox 249 2178 298 2215; x_wconf 92' lang='lat' dir='ltr'>uas</span> <span class='ocrx_word' id='word_1_121' title='bbox 315 2154 358 2217; x_wconf 88' lang='lat' dir='ltr'>isti</span> <span class='ocrx_word' id='word_1_122' title='bbox 375 2159 490 2238; x_wconf 86' lang='lat' dir='ltr'>penitus</span> <span class='ocrx_word' id='word_1_123' title='bbox 509 2153 648 2220; x_wconf 86' lang='lat' dir='ltr'>¹abstrusas</span> <span class='ocrx_word' id='word_1_124' title='bbox 665 2155 779 2214; x_wconf 86' lang='lat' dir='ltr'>insidias</span> <span class='ocrx_word' id='word_1_125' title='bbox 799 2154 828 2216; x_wconf 87' lang='lat' dir='ltr'>se</span> <span class='ocrx_word' id='word_1_126' title='bbox 850 2179 909 2238; x_wconf 92' lang='lat' dir='ltr'>po·</span> 
     </span>
     <span class='ocr_line' id='line_1_23' title="bbox 226 2177 910 2298; baseline 0.001 -2"><span class='ocrx_word' id='word_1_127' title='bbox 226 2177 307 2298; x_wconf 70' lang='lat' dir='ltr'>inisse</span> <span class='ocrx_word' id='word_1_128' title='bbox 326 2236 496 2298; x_wconf 90' lang='lat' dir='ltr'>arbitrentur</span> <span class='ocrx_word' id='word_1_129' title='bbox 519 2254 621 2296; x_wconf 90' lang='lat' dir='ltr'>contra</span> <span class='ocrx_word' id='word_1_130' title='bbox 639 2233 697 2296; x_wconf 87' lang='lat' dir='ltr'>Cn.</span> <span class='ocrx_word' id='word_1_131' title='bbox 714 2234 787 2295; x_wconf 87' lang='lat' dir='ltr'>Pom</span> <span class='ocrx_word' id='word_1_132' title='bbox 810 2238 847 2296; x_wconf 92' lang='lat' dir='ltr'>eii</span> <span class='ocrx_word' id='word_1_133' title='bbox 865 2238 910 2297; x_wconf 91' lang='lat' dir='ltr'>di·</span> 
     </span>
     <span class='ocr_line' id='line_1_24' title="bbox 227 2314 910 2400; baseline 0.004 -24"><span class='ocrx_word' id='word_1_134' title='bbox 227 2319 388 2400; x_wconf 82' lang='lat' dir='ltr'>gnitatern:</span> <span class='ocrx_word' id='word_1_135' title='bbox 411 2319 443 2377; x_wconf 75' lang='grc' dir='ltr'>δι</span> <span class='ocrx_word' id='word_1_136' title='bbox 463 2316 553 2389; x_wconf 89' lang='lat' dir='ltr'>mihi,</span> <span class='ocrx_word' id='word_1_137' title='bbox 573 2314 689 2397; x_wconf 85' lang='lat' dir='ltr'>quaeso,</span> <span class='ocrx_word' id='word_1_138' title='bbox 706 2317 775 2398; x_wconf 85' lang='lat' dir='ltr'>igno</span> <span class='ocrx_word' id='word_1_139' title='bbox 788 2318 864 2391; x_wconf 89' lang='lat' dir='ltr'>cite,</span> <span class='ocrx_word' id='word_1_140' title='bbox 884 2321 910 2380; x_wconf 86' lang='lat' dir='ltr'>si</span> 
     </span>
     <span class='ocr_line' id='line_1_25' title="bbox 228 2396 910 2479; baseline 0.003 -21"><span class='ocrx_word' id='word_1_141' title='bbox 228 2397 347 2479; x_wconf 83' lang='lat' dir='ltr'>appello</span> <span class='ocrx_word' id='word_1_142' title='bbox 376 2397 465 2458; x_wconf 80' lang='lat' dir='ltr'>taient</span> <span class='ocrx_word' id='word_1_143' title='bbox 489 2399 584 2458; x_wconf 83' lang='lat' dir='ltr'>virum</span> <span class='ocrx_word' id='word_1_144' title='bbox 605 2396 732 2477; x_wconf 85' lang='lat' dir='ltr'>saepius:</span> <span class='ocrx_word' id='word_1_145' title='bbox 760 2416 815 2459; x_wconf 83' lang='lat' dir='ltr'>ros</span> <span class='ocrx_word' id='word_1_146' title='bbox 838 2398 910 2460; x_wconf 86' lang='lat' dir='ltr'>mihi</span> 
     </span>
     <span class='ocr_line' id='line_1_26' title="bbox 226 2477 913 2561; baseline 0.003 -23"><span class='ocrx_word' id='word_1_147' title='bbox 226 2479 345 2561; x_wconf 84' lang='lat' dir='ltr'>praetori</span> <span class='ocrx_word' id='word_1_148' title='bbox 362 2478 479 2542; x_wconf 82' lang='lat' dir='ltr'>biennio</span> <span class='ocrx_word' id='word_1_149' title='bbox 499 2479 587 2549; x_wconf 77' lang='lat' dir='ltr'>anre,</span> <span class='ocrx_word' id='word_1_150' title='bbox 604 2477 754 2557; x_wconf 88' lang='lat' dir='ltr'>Quirites,</span> <span class='ocrx_word' id='word_1_151' title='bbox 772 2478 830 2538; x_wconf 85' lang='lat' dir='ltr'>hoc</span> <span class='ocrx_word' id='word_1_152' title='bbox 851 2498 913 2549; x_wconf 78' lang='lat' dir='ltr'>eo-,</span> 
     </span>
     <span class='ocr_line' id='line_1_27' title="bbox 225 2557 909 2640; baseline -0.001 -20"><span class='ocrx_word' id='word_1_153' title='bbox 225 2559 346 2621; x_wconf 87' lang='lat' dir='ltr'>demin</span> <span class='ocrx_word' id='word_1_154' title='bbox 367 2558 436 2620; x_wconf 88' lang='lat' dir='ltr'>ioco</span> <span class='ocrx_word' id='word_1_155' title='bbox 453 2557 604 2639; x_wconf 84' lang='lat' dir='ltr'>personam</span> <span class='ocrx_word' id='word_1_156' title='bbox 623 2560 697 2619; x_wconf 87' lang='lat' dir='ltr'>hanc</span> <span class='ocrx_word' id='word_1_157' title='bbox 717 2558 909 2640; x_wconf 68' lang='lat' dir='ltr'>imposuistis3</span> 
     </span>
     <span class='ocr_line' id='line_1_28' title="bbox 224 2638 910 2722; baseline 0 -21"><span class='ocrx_word' id='word_1_158' title='bbox 224 2658 258 2701; x_wconf 86' lang='lat' dir='ltr'>ut</span> <span class='ocrx_word' id='word_1_159' title='bbox 280 2686 290 2715; x_wconf 91' lang='lat'>,</span> <span class='ocrx_word' id='word_1_160' title='bbox 312 2638 539 2721; x_wconf 84' lang='lat' dir='ltr'>¹quibuscumque</span> <span class='ocrx_word' id='word_1_161' title='bbox 562 2641 648 2701; x_wconf 88' lang='lat' dir='ltr'>rebus</span> <span class='ocrx_word' id='word_1_162' title='bbox 671 2639 810 2722; x_wconf 72' lang='lat' dir='ltr'>postem,</span> <span class='ocrx_word' id='word_1_163' title='bbox 835 2641 910 2701; x_wconf 79' lang='lat' dir='ltr'>illius</span> 
     </span>
     <span class='ocr_line' id='line_1_29' title="bbox 224 2720 909 2803; baseline 0.001 -22"><span class='ocrx_word' id='word_1_164' title='bbox 224 2721 349 2781; x_wconf 83' lang='lat' dir='ltr'>absentis</span> <span class='ocrx_word' id='word_1_165' title='bbox 363 2721 534 2803; x_wconf 85' lang='lat' dir='ltr'>dignitatem</span> <span class='ocrx_word' id='word_1_166' title='bbox 554 2720 704 2784; x_wconf 87' lang='lat' dir='ltr'>vobiscum</span> <span class='ocrx_word' id='word_1_167' title='bbox 723 2720 778 2781; x_wconf 72' lang='lat' dir='ltr'>una</span> <span class='ocrx_word' id='word_1_168' title='bbox 792 2737 909 2782; x_wconf 85' lang='lat' dir='ltr'>tuerer:</span> 
     </span>
     <span class='ocr_line' id='line_1_30' title="bbox 224 2799 910 2887; baseline -0.001 -25"><span class='ocrx_word' id='word_1_169' title='bbox 224 2799 285 2862; x_wconf 79' lang='lat' dir='ltr'>feci</span> <span class='ocrx_word' id='word_1_170' title='bbox 303 2801 422 2873; x_wconf 81' lang='lat' dir='ltr'>adhuc,</span> <span class='ocrx_word' id='word_1_171' title='bbox 462 2823 505 2861; x_wconf 80' lang='lat' dir='ltr'>uae</span> <span class='ocrx_word' id='word_1_172' title='bbox 524 2804 628 2887; x_wconf 88' lang='lat' dir='ltr'>potui,</span> <span class='ocrx_word' id='word_1_173' title='bbox 643 2821 738 2883; x_wconf 87' lang='lat' dir='ltr'>neque</span> <span class='ocrx_word' id='word_1_174' title='bbox 762 2801 910 2862; x_wconf 86' lang='lat' dir='ltr'>familiari·</span> 
     </span>
     <span class='ocr_line' id='line_1_31' title="bbox 226 2823 1063 2977; baseline 0.002 -37"><span class='ocrx_word' id='word_1_175' title='bbox 226 2896 289 2940; x_wconf 88' lang='lat' dir='ltr'>tate</span> <span class='ocrx_word' id='word_1_176' title='bbox 306 2881 378 2944; x_wconf 88' lang='lat' dir='ltr'>illius</span> <span class='ocrx_word' id='word_1_177' title='bbox 399 2823 559 2956; x_wconf 56' lang='lat' dir='ltr'>adinum,</span> <span class='ocrx_word' id='word_1_178' title='bbox 582 2903 636 2942; x_wconf 86' lang='lat' dir='ltr'>nec</span> <span class='ocrx_word' id='word_1_179' title='bbox 654 2881 704 2964; x_wconf 84' lang='lat' dir='ltr'>spe</span> <span class='ocrx_word' id='word_1_180' title='bbox 719 2883 840 2942; x_wconf 80' lang='lat' dir='ltr'>hoiroris</span> <span class='ocrx_word' id='word_1_181' title='bbox 859 2898 911 2942; x_wconf 88' lang='lat' dir='ltr'>at·</span> <span class='ocrx_word' id='word_1_182' title='bbox 1004 2904 1063 2977; x_wconf 56' lang='lat' dir='ltr'><em>f</em></span> 
     </span>
    </p>
   </div>
   <div class='ocr_carea' id='block_1_4' title="bbox 220 2961 1009 3352">
    <p class='ocr_par' dir='ltr' id='par_1_4' title="bbox 226 2961 1009 3096">
     <span class='ocr_line' id='line_1_32' title="bbox 226 2961 1009 3096; baseline 0.01 -78"><span class='ocrx_word' id='word_1_183' title='bbox 226 2978 288 3053; x_wconf 76' lang='lat' dir='ltr'>que</span> <span class='ocrx_word' id='word_1_184' title='bbox 306 2961 492 3096; x_wconf 65' lang='lat' dir='ltr'>lappplissirrrae</span> <span class='ocrx_word' id='word_1_185' title='bbox 515 2963 660 3044; x_wconf 86' lang='lat' dir='ltr'>dignitatis</span> <span class='ocrx_word' id='word_1_186' title='bbox 680 2983 689 3036; x_wconf 91' lang='lat'>;</span> <span class='ocrx_word' id='word_1_187' title='bbox 711 2985 796 3060; x_wconf 79' lang='lat' dir='ltr'>quarp</span> <span class='ocrx_word' id='word_1_188' title='bbox 817 2983 876 3046; x_wconf 84' lang='lat' dir='ltr'>ego</span> <span class='ocrx_word' id='word_1_189' title='bbox 896 2971 914 3037; x_wconf 73' lang='lat'>,³</span> <span class='ocrx_word' id='word_1_190' title='bbox 993 2968 1009 3013; x_wconf 62' lang='grc' dir='ltr'><em>Γ</em></span> 
     </span>
    </p>

    <p class='ocr_par' dir='ltr' id='par_1_5' title="bbox 224 3042 977 3206">
     <span class='ocr_line' id='line_1_33' title="bbox 224 3042 918 3206; baseline 0.023 -24"><span class='ocrx_word' id='word_1_191' title='bbox 224 3056 287 3182; x_wconf 67' lang='lat'>22⁵3</span> <span class='ocrx_word' id='word_1_192' title='bbox 312 3043 484 3181; x_wconf 65' lang='lat' dir='ltr'>:reru</span> <span class='ocrx_word' id='word_1_193' title='bbox 498 3042 918 3206; x_wconf 47' lang='lat' dir='ltr'>reurgetur}</span> 
     </span>
    </p>

    <p class='ocr_par' dir='ltr' id='par_1_6' title="bbox 220 3186 961 3352">
     <span class='ocr_line' id='line_1_34' title="bbox 220 3186 961 3352; baseline 0.011 -91"><span class='ocrx_word' id='word_1_194' title='bbox 220 3197 505 3349; x_wconf 57' lang='lat' dir='ltr'>⁵¹¹²{ffigam1&#39;sh‘n‘</span> <span class='ocrx_word' id='word_1_195' title='bbox 520 3218 614 3271; x_wconf 81' lang='lat' dir='ltr'>totam</span> <span class='ocrx_word' id='word_1_196' title='bbox 630 3203 691 3269; x_wconf 76' lang='lat' dir='ltr'>fere</span> <span class='ocrx_word' id='word_1_197' title='bbox 707 3205 808 3352; x_wconf 65' lang='lat' dir='ltr'>legppt</span> <span class='ocrx_word' id='word_1_198' title='bbox 822 3197 864 3268; x_wconf 74' lang='lat' dir='ltr'>ud</span> <span class='ocrx_word' id='word_1_199' title='bbox 874 3186 918 3268; x_wconf 56' lang='grc' dir='ltr'>ὓ.</span> <span class='ocrx_word' id='word_1_200' title='bbox 948 3223 961 3285; x_wconf 66' lang='lat' dir='ltr'><em>J</em></span> 
     </span>
     <span class='ocr_line' id='line_1_35' title="bbox 297 3300 427 3344; baseline 0.015 -2"><span class='ocrx_word' id='word_1_201' title='bbox 297 3300 374 3342; x_wconf 78' lang='lat' dir='ltr'>rmus</span> <span class='ocrx_word' id='word_1_202' title='bbox 417 3323 427 3344; x_wconf 91' lang='lat'><strong>.</strong></span> 
     </span>
    </p>
   </div>
   <div class='ocr_carea' id='block_1_5' title="bbox 0 0 1323 4209">
    <p class='ocr_par' dir='ltr' id='par_1_7' title="bbox 0 0 1323 4209">
     <span class='ocr_line' id='line_1_36' title="bbox 0 0 1323 4209; baseline 0 0"><span class='ocrx_word' id='word_1_203' title='bbox 0 0 1323 4209; x_wconf 95' lang='lat' dir='ltr'> </span> 
     </span>
    </p>
   </div>
  </div>
 </body>
</html>
