2617 4209
300 352 382 437 '502
478 334 756 405 -onarro

303 454 439 518 omnibus
455 469 528 533 ergo
543 446 730 509 auctoribus:
744 447 776 506 in
796 444 904 529 quibus
920 442 986 507 certi

307 535 445 599 Flaccum
462 529 541 592 fuille
555 551 617 590 non
633 528 725 586 dices.
1032 565 1034 569 Α

346 615 397 696 85.
417 612 598 693 Relinquitur
617 607 713 681 illud,
735 606 822 689 quod
845 606 988 668 vociferari

299 714 367 775 ,non
386 692 513 767 destitit,
531 713 592 751 non
609 686 770 763 debuiffe,
788 708 884 771 quum
896 705 990 769 prator

300 776 377 850 *effer
386 820 397 849 ,
414 774 495 834 suum
513 772 663 854 negotium
676 789 795 909 affim'
813 786 865 829 aut
878 771 991 829 mentio-

301 870 378 918 'nem
393 854 489 919 facere
503 852 681 913 hereditatis.
734 852 850 909 aximas
866 850 950 909 audio
962 852 991 908 ti·

307 938 360 1007 bi,
375 936 411 996 L.
425 934 566 1006 Luculle,
580 934 630 1014 qui
646 930 685 990 de
703 930 738 990 L.
761 930 877 990 Flacco
890 928 993 990 senten·

302 1020 379 1098 {tiam
396 1016 502 1075 laturus
522 1034 553 1073 es
565 1059 575 1087 ‚
591 1033 646 1094 pro
660 1028 711 1071 tua
724 1014 837 1071 eximia
850 1011 994 1072 liberalita-

307 1112 361 1171 te,
378 1093 566 1175 maximisque
580 1090 729 1164 beneficiis
745 1094 778 1151 in
796 1110 867 1153 tuos
878 1136 889 1166 ,
899 1089 992 1153 venille

304 1174 504 1249 hereditates,
517 1195 607 1256 quum
618 1173 721 1233 Asiam
731 1176 925 1253 provinciam
934 1193 994 1249 con·

303 1248 391 1318 l'ulari
404 1258 444 1317 im
467 1259 528 1317 erio
547 1255 717 1315 obtineres:
732 1255 759 1313 si
820 1256 827 1268 '
864 1272 933 1327 eas,
945 1252 993 1311 suas

309 1336 367 1401 elle
385 1278 496 1397 dixillet
509 1381 519 1411 ‚
532 1331 718 1396 concessilles
733 1332 746 1393 ἓ
798 1355 818 1393 u
829 1379 840 1409 ‚
851 1332 894 1396 T.
907 1333 993 1405 Veffi,

308 1422 332 1478 si
343 1439 400 1500 qua
414 1418 467 1477 tibi
484 1419 514 1476 in
530 1415 632 1476 Africa
645 1416 766 1476 venerit
779 1414 947 1488 hereditas,
957 1412 994 1474 ulu

309 1496 450 1559 amittes?
467 1517 505 1557 an
526 1513 610 1559 tuum
621 1540 634 1567 ‚
654 1495 737 1556 nulli
763 1498 915 1572 avaritia,
934 1494 995 1557 salui

309 1579 470 1662 dignitate,
484 1577 622 1638 retinebis
635 1575 648 1636 ἓ
666 1576 710 1637 Αι
723 1573 806 1637 istius
819 1577 995 1649 hereditatis,

308 1661 371 1740 jam
379 1657 514 1719 Globulo
527 1676 653 1740 pratore
663 1702 674 1731 ,
686 1656 789 1718 Fla'cci
800 1662 995 1739 nomine‚pe·

312 1744 363 1801 tita
385 1737 524 1821 possessio
542 1738 609 1800 est:
632 1758 695 1798 non
715 1740 811 1821 igitur
840 1743 1005 1823 impressio.

313 1841 375 1883 non
391 1821 530 1894 occasio,
544 1839 605 1881 non
622 1821 691 1892 vis,
709 1839 777 1880 non
794 1837 918 1904 tempus
929 1866 939 1896 ‚
949 1839 996 1881 non
1035 1847 1037 1852 ·

312 1903 495 1984 imperium,
519 1922 579 1964 non
603 1898 715 1964 secures
742 1900 782 1960 ad
809 1901 945 1983 injuriam
962 1899 997 1960 lar

314 1984 448 2043 ciendam
463 1981 559 2041 Flacci
572 1982 699 2041 animum
720 1983 921 2061 impulerunt.

357 2063 407 2125 86.
423 2063 524 2144 ltaque
540 2063 647 2124 eodem
663 2064 755 2121 etiam
775 2062 827 2123 M.
844 2062 999 2138 Lurco,vit

314 2147 462 2226 optimus,
474 2164 556 2204 meus
582 2142 754 2217 familiaris,
773 2149 929 2207 convertit
945 2163 997 2204 atu·

317 2226 397 2285 leum
419 2224 573 2289 testimonii
594 2224 633 2288 sui
653 2244 660 2282 :
683 2227 841 2305 negavit,
862 2250 881 2287 a
902 2229 997 2310 priuato

315 2307 469 2386 pecuniam
492 2308 521 2365 in
544 2305 695 2386 provincia
720 2322 895 2385 praetorem
917 2321 997 2389 petere

316 2404 466 2465 oportere.
486 2385 547 2446 Cur
563 2386 705 2456 tandem,
729 2385 779 2446 M.
806 2388 910 2450 Lurco
925 2434 934 2462 ‚
949 2404 997 2446 non

317 2465 462 2547 oportet?
483 2470 623 2547 eripere,
650 2483 859 2547 extorquere,
886 2470 998 2549 accipere

317 2564 417 2606 contra
426 2547 505 2628 leges
515 2569 576 2607 non
586 2562 704 2626 oportet
716 2566 724 2603 t
736 2564 850 2627 petere
860 2572 922 2610 non
931 2567 999 2629 opor·

316 2643 407 2698 tere,
430 2648 588 2708 numquam
612 2624 772 2700 ostendes,
798 2631 861 2690 nisi
886 2628 1000 2693 docueris

320 2730 380 2769 non
393 2709 491 2775 licere.
504 2707 554 2771 An
572 2709 735 2791 legationes
753 2706 877 2771 sumere
894 2711 1000 2777 liberas,

319 2792 363 2848 exi
385 2788 453 2849 endi
469 2789 554 2849 causi
564 2835 575 2861 ,
586 2790 659 2848 sicut
677 2787 708 2847 &
727 2803 760 2847 tu
773 2789 841 2870 ipse
853 2811 948 2873 nuper
958 2788 1000 2865 ,dl

318 2811 402 2939 multi
417 2871 472 2936 viri
486 2870 558 2939 boni
571 2869 646 2952 sape
658 2866 821 2949 fecerunt,
832 2865 1001 2940 remansit
