2617 4209
258 142 1089 460 a

856 175 895 190 ..ι

671 516 682 529 K

456 691 631 768 Pro-P.
662 647 871 767 Sum}
921 716 1009 793 413.

315 806 422 873 alteros
434 810 613 885 demoviffe,
627 811 678 873 sed
689 810 824 894 utrosque
834 807 1011 872 'constituis--

315 893 345 954 se
361 894 505 955 videatur.

356 972 470 1034 XXII.
486 972 529 1033 Ar
540 975 618 1034 enim
636 972 669 1032 &
703 972 858 1033 ladiatores
869 1015 879 1045 ,
892 970 924 1031 &
935 989 1001 1031 om·

314 1054 359 1113 nis
370 1053 421 1113 ista
432 1056 477 1114 vis
487 1098 498 1126 ,
512 1055 672 1136 rogationis
683 993 809 1114 {aeciliae
820 1052 904 1113 causi
917 1071 1001 1114 com·¹

336 1134 486 1193 arabantur
499 1154 506 1193 ε
521 1152 608 1215 atque
628 1133 686 1193 hoc
706 1134 775 1195 loco
796 1135 825 1192 in
845 1132 884 1194 L.·
902 1130 1001 1192 Caeci·

312 1154 385 1272 iium
399 1259 409 1288 ,
421 1214 660 1295 pudentissimum
677 1232 763 1295 atque
785 1214 1011 1274 ornatissimum-

313 1295 436 1367 virum,
455 1294 647 1355 vehementer
676 1293 804 1355 invenus
826 1291 868 1355 ost
887 1305 894 1352 ἐ
915 1290 997 1370 cujus

314 1392 373 1453 ego
388 1374 425 1433 de
439 1376 546 1435 virtute
560 1375 593 1433 &
602 1372 778 1447 constantia,
789 1372 904 1434 Iudices
914 1417 924 1442 ,
934 1388 998 1432 tan·

313 1470 377 1511 tum
396 1453 483 1526 dico;
502 1453 592 1513 talem
608 1452 684 1513 hunc
705 1456 734 1512 in
753 1450 803 1512 ista
818 1454 998 1533 rogatione,

312 1553 401 1673 puam
417 1534 634 1616 promulgavit,
653 1549 713 1594 non
731 1533 768 1593 de
785 1531 934 1603 tollenda,
946 1530 997 1591 sed

336 1634 352 1673 e
374 1614 498 1675 levanda
518 1615 680 1675 calamitate
705 1612 798 1673 fratris
818 1612 879 1687 sui5
896 1609 997 1685 fuiffe,

311 1709 344 1753 ur
363 1693 524 1755 consultum
539 1693 596 1757 effe
604 1696 732 1756 voluerit
749 1693 847 1766 fratri3
869 1712 935 1753 cum
953 1707 1005 1753 re·'

311 1775 562 1857 publicapug'nare
572 1776 717 1837 noluerit:
734 1767 924 1857 promulgarit
941 1775 997 1833 im·

311 1854 406 1934 pulsus
431 1877 532 1916 amore
553 1855 710 1931 fraterno,
736 1853 873 1917 destiterit
898 1852 992 1915 fratris

315 1932 481 1995 annornm
504 1934 653 1995 deductus,

362 2012 412 2093 63.
430 2013 472 2073 At
493 2033 529 2073 ue
547 2016 577 2074 in
596 2033 631 2074 ea
653 2032 685 2073 re
709 2034 763 2093 per
785 2014 819 2074 L.
843 2010 994 2075 Caecilium

312 2092 392 2155 Sulla
403 2035 567 2168 accuiatur,
583 2095 683 2174 inqua
698 2111 729 2153 re
744 2091 784 2153 est
799 2112 921 2174 uterque
935 2094 996 2154 lau-

311 2174 433 2235 dandus.
443 2174 570 2236 Primum
577 2172 711 2236 Caecilius
723 2217 735 2244 ‚
747 2175 761 2203 ⁴
770 2176 818 2253 qui
826 2173 856 2231 id
863 2174 1005 2253 promul-‚-

331 2256 384 2315 arit
395 2301 404 2329 ‚
417 2258 447 2316 in
465 2277 524 2336 quo
542 2276 588 2315 res
606 2252 747 2334 judicatas
765 2252 918 2314 videbatur
936 2275 996 2314 vo-

310 2276 389 2395 iuiffe
402 2335 561 2396 rescindere
572 2380 582 2407 ‚
592 2352 623 2394 ut
637 2332 825 2394 statueretur:
838 2331 917 2393 Sulla
930 2353 994 2394 rec·

310 2415 343 2473 τὲ
355 2415 548 2495 reprehendit.
563 2414 658 2475 Status
668 2416 747 2476 enim
758 2414 922 2495 reipublicae
934 2435 997 2474 ma·
1015 2440 1018 2447 ·

310 2494 388 2555 xime
408 2492 540 2573 judicatis
567 2497 653 2556 rebus
680 2496 872 2555 continetur:
895 2514 992 2575 neque

310 2594 368 2656 ego
385 2592 496 2635 tantum
511 2576 638 2636 fraterno
658 2578 750 2635 amori
769 2574 899 2647 dandum
914 2577 993 2635 arbi-

308 2672 393 2731 tror,
408 2672 440 2716 ut
456 2655 603 2738 quisquam
623 2657 660 2716 de
677 2656 764 2716 saluto
783 2656 898 2716 suorum
918 2677 1004 2716 (οη-ι

308 2735 400 2810 sulat,
415 2753 602 2798 communem
622 2737 774 2818 relinquat«
796 2735 877 2795 Nihil
890 2735 926 2797 de
943 2734 993 2816 ju-

309 2816 387 2876 dicio
399 2817 511 2879 fetebat
522 2840 529 2877 :
541 2817 590 2878 sed
601 2838 719 2899 poenam
733 2816 856 2877 ambitus
869 2837 934 2876 eam
948 2818 993 2879 fe·
1009 2773 1060 2935 J

309 2895 415 2969 rebat,
433 2920 496 2978 quae
515 2898 607 2959 fuerat
625 2920 719 2979 nuper
740 2896 932 2978 superioribus
947 2897 994 2958 le·

310 2975 393 3056 gibus
421 2978 597 3038 constituta:
618 2982 715 3059 itaque
737 2979 791 3037 hac
817 2979 992 3057 rogatione,

310 3076 372 3114 non
388 3051 516 3131 judicum
532 3056 701 3118 sententiam
713 3104 722 3132 ‚
736 3057 786 3117 sed
802 3057 873 3137 legis
889 3056 992 3114 vitium

311 3134 486 3215 corrigebat.
510 3133 609 3194 Nemo
629 3136 764 3213 judicium
786 3133 993 3215 reprehendit,

309 3236 398 3295 quum
413 3214 450 3273 de
465 3236 552 3294 poena
564 3219 707 3292 queritur,
720 3216 773 3275 sed.
781 3216 878 3294 legem
891 3234 897 3271 :
913 3213 995 3273 dam·

308 3299 387 3357 nario
408 3298 485 3356 enim
507 3293 547 3355 est
568 3293 723 3373 judicum,
745 3315 808 3374 quae
834 3294 993 3381 manebat3

815 3371 833 3431 S
851 3376 878 3453 iiJ
