2617 4209
474 573 572 647 Pno
596 577 638 646 Ρ.
663 579 836 646 Suc-LA.
912 594 991 670 417
1030 584 1033 589 ’

307 685 432 754 suerunt.
449 691 575 755 Catilina
586 710 687 754 contra
700 690 909 773 rempublicam
923 711 996 751 con-

306 771 421 853 juravit.
445 773 536 854 Cujus
552 795 634 835 aures
649 794 787 854 umquam
802 772 860 830 hoc
876 769 994 851 respue·

307 872 374 913 runt
383 901 393 929 ‚
403 872 540 914 conatum
548 854 622 928 esse,
632 855 783 914 hominem
795 851 883 933 usque
896 872 911 910 a
924 872 997 932 pue·

307 936 372 994 titia
394 957 455 994 non
472 934 565 995 solum
580 932 802 1014 intemperanti&
817 933 848 992 δι
864 931 996 1007 scelere,
1048 961 1050 965 ·

306 1014 459 1075 sedetiam
477 1014 685 1076 consuetudine
705 1015 737 1074 &
755 1012 847 1073 studio
865 1014 994 1073 inomni

306 1095 416 1176 flagitio
427 1141 436 1169 ‚
448 1095 566 1176 stupro,
580 1096 660 1156 caede
669 1093 812 1155 versatum
822 1093 833 1153 ἓ
842 1095 907 1234 puis
923 1114 993 1154 eum

307 1193 410 1234 contra
430 1179 552 1255 patriam
573 1189 752 1256 pugnantem
769 1175 841 1257 perii
864 1194 880 1234 e
902 1176 995 1235 mira-

307 1271 371 1326 tur,
387 1276 473 1335 quem
489 1255 601 1335 semper
620 1256 776 1318 omnesed
794 1255 878 1315 civile
899 1253 994 1314 latro-

309 1336 416 1394 cinium
437 1350 536 1394 natum
553 1350 729 1414 putaverunt
747 1333 758 1392 i
779 1333 855 1412 Quis
878 1333 995 1396 Lentuli

307 1413 460 1475 societates
475 1435 541 1474 cum
558 1415 699 1474 indicibus
710 1455 720 1485 ‚
731 1415 792 1493 quis
810 1411 947 1473 insaniam
961 1416 996 1474 li-

280 1495 439 1575 ‚bittinum
458 1540 470 1565 ‚
492 1497 553 1576 quis
572 1492 738 1575 perversam
763 1510 850 1574 atque
875 1495 1015 1574 impiam·
1047 1501 1050 1505 ’

308 1575 360 1634 reli
382 1577 480 1636 ionem
499 1575 690 1648 recordatur,
708 1575 757 1656 qui
774 1574 854 1634 illum
871 1591 921 1635 aut
937 1585 996 1636 ne·

308 1595 380 1715 fati}
398 1653 549 1737 cogitasse,
563 1672 611 1716 aut
627 1655 711 1717 stulte
724 1653 843 1736 sperasse
858 1655 995 1716 miretur?

308 1735 386 1814 Quis
399 1737 436 1797 de
450 1734 487 1795 C.
502 1735 663 1817 Cethego,
684 1751 770 1817 atque
791 1734 853 1814 ejus
870 1739 899 1795 in
923 1737 995 1796 His·

309 1816 425 1895 paniam
437 1813 636 1893 professione,
647 1837 681 1874 ac
696 1815 733 1875 de
745 1817 867 1875 vulnere
878 1816 920 1894 Q.
931 1816 997 1876 Me·

310 1894 371 1955 telli
382 1894 427 1960 ,Pii
448 1895 576 2032 copitar,
591 1897 636 1954 cui
654 1915 714 1953 non
732 1893 769 1952 ad
786 1893 858 1954 illius
876 1914 997 1974 poenam

310 1994 407 2035 carcer
433 1975 486 2033 aedi
508 1989 587 2035 catus
609 1972 665 2035 effe
689 1973 853 2035 videatur?
878 1973 998 2039 Omitto

311 2073 505 2126 ceteros‚‚ne
523 2055 559 2114 sit
578 2053 730 2114 infinitum.

350 2155 400 2213 71.
420 2134 550 2195 Tantum
567 2157 584 2195 a
600 2136 686 2195 vobis
700 2150 794 2214 peto,
807 2150 840 2194 ut
854 2135 933 2196 taciti
957 2134 996 2198 de

310 2217 446 2276 omnibus
466 2261 476 2291 ,
498 2236 572 2296 quos
587 2212 746 2292 conjurasse
764 2216 912 2295 cognitum
933 2214 975 2277 est
984 2260 998 2289 ,

310 2297 461 2377 cogitetis:
479 2293 665 2377 intelligetis,
679 2314 920 2376 unumquemque·
930 2297 998 2358 illo-

310 2397 374 2436 rum
396 2377 474 2457 prius
492 2397 510 2434 a
527 2374 671 2447 suavita,
688 2373 775 2456 quam
795 2373 893 2436 nostri
913 2375 999 2458 suspi-

312 2454 472 2517 cione-esse
488 2456 665 2516 damnatum.
682 2454 778 2537 ipsum
791 2456 872 2517 illum
889 2456 1000 2519 Autro-

311 2538 428 2612 nium(
450 2538 588 2618 quoniam
611 2535 674 2617 eius
703 2556 813 2597 nomen
843 2535 997 2601 finitimum

311 2617 437 2678 maxime
467 2614 508 2677 est
529 2614 614 2696 hujus
635 2617 766 2697 periculo
788 2617 820 2678 &
850 2619 997 2703 crimini)

311 2719 372 2757 non
391 2700 439 2757 sua
453 2696 515 2757 haec
535 2701 595 2758 vita
618 2698 765 2758 convincit
783 2697 920 2780 isemper
942 2722 998 2761 au·

313 2776 369 2835 dax
387 2800 404 2849 ,·
419 2777 569 2856 petulans,
582 2778 750 2840 libidinosus
765 2800 772 2838 :
808 2800 875 2854 uem
893 2783 923 2840 in
937 2781 999 2853 siu-⁵

314 2875 435 2936 prorum
461 2858 677 2920 defensionibus
702 2881 764 2921 non
788 2801 881 2921 solum
901 2862 998 2920 verbis

313 2938 356 2994 uti
375 2935 593 3012 improbissimis
610 2940 725 2999 solitum
741 2938 797 3001 esse
813 2940 932 3012 scimus,
948 2959 1000 2999 ve·

315 3018 382 3075 sitm
402 3017 490 3073 etiam
505 3019 608 3094 pugnis
624 3021 657 3077 &
677 3021 821 3095 calcibus:
840 3039 927 3101 quem
948 3039 1002 3077 ex·

315 3095 433 3155 turbare
450 3093 583 3153 homines
596 3114 613 3154 e
652 3097 855 3159 ossessionibus
867 3142 877 3170 ,
889 3097 1001 3161 cadem

318 3175 415 3239 facere
429 3176 590 3238 vicinorum
600 3218 612 3248 ‚
622 3118 744 3258 tissime
758 3177 825 3237 sana
836 3176 1002 3256 sociorum,

820 3255 878 3321 Sv
