2617 4209
353 355 449 424 Pno
475 358 519 423 A.
546 356 813 427 Cruenrro.
861 381 927 430 111

258 471 340 529 omni
359 489 440 550 parte
454 469 603 545 dentium,
620 474 653 533 &
667 471 823 535 tortuosam
836 475 940 533 venire

256 546 412 623 serrulam,
429 551 485 631 qui
504 552 575 613 illud
587 554 710 634 potuiiie
728 555 768 613 ita
783 552 940 613 circumse-

257 631 317 690 cari
340 630 497 692 videretur.
522 632 570 694 Ne
592 635 704 696 multa:
725 635 898 716 perquiritur
921 655 941 693 a

257 709 454 772 coaiioribus:
473 715 618 774 invenitur
635 735 670 775 ea
687 713 790 776 serrula
805 714 842 773 ad
858 712 939 775 Stra·

255 806 357 852 torrem
379 794 550 873 pervenisse.
575 794 643 855 Hoc
666 796 750 855 initio
772 792 940 875 suspicionis

255 888 343 946 orto,
360 871 393 931 &
406 874 506 953 aperti
518 874 685 936 insimulato
699 874 853 949 Stratone,
866 894 942 956 puer

253 951 303 1011 ifle
326 950 453 1012 conscius
471 957 637 1033 pertimuit:
659 976 723 1016 rem
738 975 858 1016 omnem
879 955 940 1015 don

253 1035 341 1092 minae
364 1032 530 1093 indicavit:
553 1035 687 1096 homines
707 1038 737 1095 in
764 1034 869 1115 piscina
890 1036 939 1095 in-

252 1115 336 1173 venti
360 1111 445 1171 sunt:
469 1112 567 1173 Strato
593 1116 623 1172 in
649 1115 763 1176 vincula
788 1114 941 1194 conjefiius

255 1192 316 1253 est:
336 1208 423 1272 atque
436 1194 524 1252 etiam
536 1194 566 1252 in
582 1193 702 1254 taberna
722 1192 784 1273 ejus
801 1198 939 1269 nummi,

255 1292 439 1354 nequaquam
457 1294 580 1347 omnes,
594 1278 785 1356 reperiuntur.

300 1352 366 1413 181.
379 1351 568 1415 Constituitur
583 1354 700 1436 quaestio
715 1356 755 1417 de
765 1354 941 1416 futtotnam

256 1434 326 1516 quid
339 1434 492 1574 tquisquam
508 1434 637 1518 suspicari
653 1438 731 1497 aliud
746 1435 864 1519 potest?
886 1436 940 1496 An

254 1514 312 1575 hoc
360 1515 413 1530 ””
446 1559 457 1590 ,
483 1519 608 1577 armario
631 1518 789 1599 expilata,
814 1516 941 1598 pecunii

255 1593 369 1667 ablati,
387 1616 449 1656 non
465 1600 546 1657 omni
562 1596 752 1676 recuperati,
770 1601 868 1658 occisis
883 1598 939 1656 ho·

255 1675 410 1747 minibus,
435 1673 590 1736 institutam
612 1675 671 1736 effe
690 1677 877 1757 quaestionem
898 1678 940 1738 de

255 1771 353 1815 morte
371 1752 548 1834 Oppianici?
562 1756 607 1813 cui
618 1756 748 1835 probatis
762 1757 776 1814 .>
794 1756 938 1836 quidest,

277 1835 338 1897 uod
357 1837 450 1894 minias
468 1836 624 1895 verisimile
637 1835 770 1915 proferre
787 1834 938 1916 potuistis?

255 1858 376 1977 bande
391 1932 423 1975 ut
440 1916 573 1975 omittam
590 1932 711 1990 cetera,
730 1918 856 1975 triennio
872 1914 941 1995 post

256 2012 385 2056 mortem
404 1993 563 2074 Oppianici
582 1994 621 2053 de
638 1992 808 2072 ejuemorte
826 2016 941 2076 quaere·

256 2074 367 2135 batur?
389 2071 488 2153 Atque
509 2076 596 2133 etiarn
616 2074 730 2134 incensa
751 2076 823 2137 odio
845 2074 938 2156 pristi-

256 2177 317 2229 no,
336 2150 530 2214 Nicostratum
547 2155 682 2215 eumdem
697 2155 777 2216 ilium
794 2173 856 2217 turn
875 2159 942 2219 sine

255 2234 340 2297 causa
355 2239 384 2296 in
403 2232 589 2317 quaestionem
605 2233 769 2317 postulavit.
791 2236 940 2316 Oppiani-

255 2340 306 2379 cus
325 2317 420 2398 primi>
438 2317 594 2376 recusavit:
613 2314 801 2397 posteaquam
820 2317 867 2376 iila
881 2317 939 2375 ab·

256 2397 405 2459 duuuram
423 2394 452 2456 se
464 2394 572 2470 filiam,
588 2412 763 2456 mutaturam
778 2392 834 2456 effe
851 2394 940 2456 testa·

255 2496 387 2539 mentum
405 2479 561 2537 minaretur
579 2496 590 2548 ;
607 2476 720 2535 mulieri
738 2476 943 2537 crudeiissitnae

257 2558 372 2618 servum
391 2555 608 2629 fidelissimum,
626 2578 687 2615 non
703 2559 735 2616 in
751 2555 941 2637 quaestionem

259 2636 340 2708 tulit,
355 2636 404 2695 sed
420 2637 505 2716 plane
524 2636 560 2695 ad
574 2635 744 2716 supplicium
764 2637 853 2697 dedit.

301 2715 410 2773 LXV.
441 2714 508 2775 Post
534 2719 690 2776 triennium
720 2718 805 2797 igitur
833 2719 942 2797 agitata

260 2796 387 2874 denique
405 2794 519 2870 quaestio
537 2796 573 2855 de
584 2800 637 2856 viti
652 2814 746 2856 morte
762 2798 942 2855 habebatur:

260 2878 293 2939 &t
317 2875 356 2934 de
378 2868 480 2954 quibus
502 2874 587 2936 serris
605 2876 762 2937 habebatur
783 2876 795 2935 ἒ
819 2875 912 2935 Nova.
925 2907 946 2945 ‚
