2617 4209
372 742 446 817 Da
477 742 602 812 Lros
633 724 885 810 Aornin.
916 742 984 814 181

309 852 457 919 'decedent
480 857 517 920 de
540 854 717 938 poss'essione
732 902 742 933 ,
760 857 814 917 nisi
832 868 916 917 erunt
936 855 990 917 de·

308 937 389 997 dotti
407 962 426 999 o
448 939 517 999 timi
534 940 723 1012 conditione,
744 938 777 999 ὃ(
793 936 915 1019 pecunia
928 956 992 995 ma·

309 1019 396 1078 ximi.
417 961 567 1080 gouversa
581 1023 666 1081 ratio.
693 1020 811 1092 Antea,
826 1037 914 1099 quum
928 1032 991 1077 erat
1086 1021 1087 1025 ’

307 1119 327 1157 a
341 1100 460 1160 'tribuno
478 1101 571 1181 plebis
586 1104 699 1161 mentio
712 1102 739 1161 le
759 1103 782 1159 is
797 1098 912 1181 agrariae
926 1095 991 1156 fac-

308 1192 360 1252 ta,
379 1183 517 1241 continui)
535 1183 582 1262 qui
599 1203 684 1262 agros
702 1120 856 1262 publicos,
874 1193 922 1238 aut
938 1179 988 1259 qui

308 1258 504 1338 poffessiones
528 1261 681 1322 invidiosas
705 1262 872 1330 tenebant,
896 1262 990 1339 perti-

308 1339 485 1401 mescebant.
513 1341 585 1404 Haec
603 1343 651 1403 lex
672 1362 727 1402 eos
741 1342 875 1401 homines
895 1338 990 1399 fortn-

304 1420 354 1479 nis
375 1420 572 1501 locupletat,
601 1422 710 1481 invidia
738 1422 852 1481 liberat.
888 1419 989 1499 Quini

309 1499 420 1558 multos
439 1504 539 1573 eninr,
560 1501 712 1581 Quirites,
730 1500 891 1561 existimatis
911 1499 989 1575 effe,

310 1581 361 1659 qui
381 1579 562 1640 latitudinem
586 1579 796 1661 poffessionum
816 1582 916 1653 tueri,
941 1583 991 1660 qui

309 1659 449 1720 invidiam
469 1659 653 1722 Sullanorum
674 1682 808 1745 agrorum
828 1659 903 1720 ferre
929 1681 991 1721 non

309 1743 444 1821 possint?
463 1745 511 1824 qui
528 1743 658 1804 vendere
673 1744 810 1834 cupiant,
825 1757 991 1821 emptorem
1021 1756 1025 1766 '

308 1841 371 1881 non
387 1822 551 1904 reperiant?
571 1825 694 1905 perdere
713 1846 771 1902 Jam
782 1824 908 1903 denique
924 1821 990 1881 illos

305 1923 393 1984 agros
417 1908 529 1966 ratione
552 1907 646 1985 aliqud
666 1905 787 1966 velint?
813 1903 875 1983 Qui
900 1904 988 1983 paulb
1048 1914 1051 1920 ’

308 1984 398 2055 ante,
418 1984 496 2044 diem
519 1984 716 2065 nodemque,
734 1986 910 2045 tribunitium
932 2005 988 2042 no·

309 2082 380 2124 men
393 2064 570 2137 horrebant,
587 2064 711 2125 vestram
726 2067 787 2123 vim
803 2063 994 2137 metuebant,

257 2199 258 2220 ξ
308 2146 492 2205 mentionem
512 2144 583 2225 legis
600 2147 719 2226 agraria
734 2141 990 2224 pertimescebant3

307 2226 329 2287 ii
343 2246 418 2285 nunc
433 2228 519 2287 etiarn
533 2226 609 2286 ultro
622 2226 814 2307 rogabuntur,
828 2241 913 2303 atque
930 2244 992 2282 ora·

257 2355 258 2389 p
308 2305 435 2379 buntur,
448 2324 480 2367 ut
495 2327 580 2386 agros
595 2310 700 2387 partim
720 2305 850 2384 publicos
862 2307 991 2383 ,partim

309 2386 415 2465 plenos
436 2387 552 2447 invidiae
574 2429 586 2456 ,
608 2385 712 2464 plenos
732 2383 877 2464 periculi,
895 2390 994 2465 quanti

309 2466 366 2545 ipsi
376 2466 487 2539 velint,
503 2464 673 2525 decemviris
688 2464 808 2524 tradant.
823 2463 920 2547 Atque
933 2467 991 2529 hoe

309 2566 428 2605 carmen
456 2546 502 2605 hic
526 2545 654 2607 tribunus
675 2545 770 2627 plebis
789 2566 848 2606 non
874 2549 960 2609 vobis
981 2592 993 2625 ,

308 2626 359 2688 sed
381 2627 433 2686 sibi
451 2629 524 2686 intus
537 2629 621 2686 canit.

350 2707 400 2786 69.
423 2708 521 2770 Habet
540 2708 692 2780 socerum,
712 2708 806 2766 virum
826 2710 990 2788 optimum,

307 2790 359 2869 qui
378 2807 489 2849 tantum
513 2790 573 2871 agri
590 2792 622 2846 in
639 2787 693 2846 illis
716 2787 879 2866 reipublicae
905 2807 991 2850 tene·

308 2871 370 2928 bris
381 2872 554 2949 occupavit,
568 2884 705 2948 quantum
718 2870 894 2947 concupivit.
915 2870 991 2931 Huie

310 3026 365 3098 so,
382 3026 501 3086 Sullanis
520 3030 654 3089 oneribus
674 3032 776 3108 gravi,
791 3028 838 3087 susi
857 3030 941 3109 lege,
958 3045 991 3089 ut

308 3107 396 3167 liceat
420 3106 458 3165 illi
481 3109 617 3167 invidiam
638 3109 786 3189 deponere
805 3152 817 3178 ,
839 3111 1009 3186 pecuniam¹

309 3185 449 3245 condere.
469 3184 506 3243 Et
522 3208 576 3245 vos
593 3209 653 3246 non
669 3189 825 3258 dubitatis,
843 3191 911 3265 quin
925 3204 994 3243 ven-

308 3266 407 3349 tigalia
435 3263 528 3329 vestra
552 3267 683 3329 vendatis
705 3311 718 3339 ,
743 3267 865 3347 plurimo
892 3262 987 3345 major

309 2947 459 3010 subvenire
480 2950 542 3010 vult
561 2948 757 3007 succumbenti
773 2946 852 3026 jam,
873 2950 993 3029 oppres·
1005 2989 1091 3226 f
