2617 4209
375 716 450 809 Dr
476 716 602 818 saca
626 710 873 804 A'c'nrnra.
913 725 996 829 'ip-j

311 854 394 914 enim·
408 851 576 920 viderunt?
597 851 685 925 hoo,
706 847 788 933 qitod
810 866 887 908 nune
909 867 967 908 vos
982 875 998 918 ,¹

310 933 429 1015 quaeso„
446 931 598 1014 perspicite
615 933 703 1013 atque
721 927 898 1012 cognoscite.
922 926 995 1008 Non

309 1015 516 1095 ingenerantur
524 1013 689 1084 hominibus
700 1030 799 1073 mores
811 1026 871 1070 tarn
881 1031 898 1069 a
907 1006 995 1089 stirpe

307 1095 422 1176 generis
435 1115 501 1166 ,ac
520 1092 653 1167 semitis,
671 1093 759 1175 quarn
779 1112 816 1152 ex
837 1091 870 1149 iis
887 1087 998 1163 rebus,

307 1196 373 1256 quae
386 1175 424 1235 ab
438 1172 498 1255 ipsa
510 1192 614 1244 natura·
624 1175 682 1235 looi
695 1218 705 1247 ,
718 1175 752 1235 dt·
764 1194 781 1233 a
792 1173 859 1233 v'itae
872 1168 995 1232 consue·-

307 1255 409 1326 tudine
431 1254 482 1336 sup
505 1254 648 1326 edicantur
664 1275 675 1328 3
693 1256 797 1337 quibus
811 1252 934 1326 alimur,
959 1251 994 1320 aa

306 1338 443 1408 vivimus.
465 1277 744 1418 (llnlngtnienses,
762 1331 936 1394 fraudulenti
959 1333 993 1393 &

306 1416 487 1489 mendaces,
505 1436 565 1474 non
581 1436 710 1496 genere,
727 1414 777 1486 sed
794 1414 895 1474 naturi
912 1414 970 1474 loci
981 1445 1000 1484 ,a

308 1496 421 1575 quod,
447 1511 568 1575 propter
588 1512 690 1576 ponus
711 1492 805 1567 suos,
833 1495 929 1554 multis
957 1494 996 1554 du

309 1578 397 1635 variis
416 1592 611 1648 mercatorum
631 1573 861 1650 &advenarum
881 1573 996 1642 sermo?

308 1656 394 1716 nibus
405 1695 422 1727 r
436 1656 473 1715 ad
488 1656 613 1717 studium
624 1654 769 1730 fallendi,
785 1652 878 1714 studio
898 1653 993 1735 quaes-

307 1735 356 1797 ads
375 1735 565 1803 vocabantur.
603 1737 746 1820 Ligures,
764 1737 917 1811 montani,
931 1735 998 1796 duri

305 1835 394 1898 atque
422 1815 574 1899 agrestes:
598 1817 697 1898 docuit
719 1839 788 1900 ager
808 1815 868 1898 ipse
886 1853 901 1890 ,›
922 1816 993 1878 nihil

306 1897 432 1970 ferendo
450 1941 461 1970 ,
482 1900 535 1957 nisi
556 1900 646 1973 multi
670 1898 807 1972 culturi,
832 1897 864 1958 &
883 1918 993 1980 magno

306 1977 411 2038 labore
432 1981 590 2057 quaesitum.
617 1977 762 2059 Campani
780 2021 796 2052 a.
811 1975 924 2058 semper
945 1978 1000 2040 sua·

308 2057 394 2140 perbi
410 2056 540 2117 bonitate
556 2067 711 2139 agrorum,
729 2059 761 2117 &
774 2053 914 2118 frudluum
930 2081 1000 2120 ma·'

308 2137 486 2221 gnitudine,
511 2137 587 2196 urbis
609 2137 798 2210 salubritate,
824 2136 994 2218 descriptio·

307 2238 369 2293 ue,
389 2217 612 2299 pulchritudine.
639 2217 683 2278 Ex
704 2218 758 2278 hac
777 2220 882 2297 copia,
907 2235 993 2300 atque

308 2302 441 2362 omnium
450 2318 545 2359 rerum
557 2296 720 2372 affluentia,
730 2299 855 2378 primlun
866 2295 913 2358 illa
925 2319 992 2364 nata

307 2378 392 2451 sirnt3
413 2381 596 2459 arrogantia,
608 2378 665 2458 qud
681 2400 697 2436 a
713 2375 876 2454 majoribus·
887 2378 996 2442 nostrie

308 2459 432 2532 alterum
446 2456 548 2538 Capua
560 2458 705 2528 eonsulent
720 2457 891 2541 postulavit3
911 2460 992 2522 dein·

308 2540 394 2600 deca
404 2539 546 2614 luxuries,
559 2560 622 2619 quae
631 2540 724 2619 ipsum
733 2540 911 2606 Annibalem
921 2586 931 2615 ,
943 2563 989 2602 ar-

307 2620 363 2684 mis
381 2624 469 2682 etiam
490 2638 551 2679 tum
566 2620 723 2692 invidum,
741 2622 893 2703 voluptate
912 2624 991 2685 vicit,

348 2700 398 2780 96.
417 2702 484 2762 Huc
499 2700 542 2762 isti
558 2702 721 2763 decemviri
733 2724 821 2783 quum
839 2724 992 2766 numerum

305 2783 485 2844 colonorum>
511 2803 548 2843 ex
577 2782 643 2865 lege
672 2783 750 2843 Rulli
781 2783 951 2846 deduxerint
980 2808 991 2846 ι

306 2880 424 2924 centum
442 2864 637 2938 decuriones,
660 2863 765 2924 decern
781 2887 815 2924 au
836 2886 920 2940 ures,
939 2865 991 2932 sen

307 2943 463 3023 pontifices
482 2942 699 3006 constituerint:
716 2966 790 3026 quos
804 2886 920 3008 ifiorum
934 2951 995 3010 ani·

308 3041 396 3092 mos,
416 3027 545 3102 quonian
569 3043 633 3086 etus
650 3071 661 3100 ‚
679 3047 766 3107 quam
783 3025 924 3089 ferociam
939 3025 992 3088 so·
1068 3041 1077 3050 “

309 3119 343 3164 re
375 3102 508 3180 putatis?
584 3127 660 3166 marn
684 3109 713 3166 in
737 3108 886 3168 montibus
901 3108 993 3244 pooi-

306 3198 390 3253 tarn,
409 3181 441 3238 &
461 3183 662 3260 convallibus,
679 3187 832 3247 coenaculis
849 3185 900 3246 sub
912 3203 991 3250 atain

305 3277 395 3340 atque
418 3258 598 3340 suspensam,
617 3286 676 3324 non
696 3289 715 3324 o
739 3269 815 3326 timis
834 3267 910 3340 vi'u,
937 3285 992 3328 an·

305 3340 472 3425 gullissirnis
490 3339 616 3419 semitis,
635 3366 692 3426 prae
707 3289 756 3406 sila
777 3343 907 3424 Capua,
924 3347 998 3428 pla-¹

811 3423 869 3508 tn,
