2617 4209
374 363 451 434 226
600 354 828 426 Onrrro

370 498 436 539 rere
454 478 483 536 in
496 473 544 536 illa
560 488 669 535 armata
686 470 886 546 multitudine
907 470 1093 550 bonorum

371 557 523 620 consulum
541 557 611 617 voci
625 573 712 637 atque
730 555 868 636 imperio
887 573 957 616 non
978 543 1097 640 obedi,

372 639 429 701 rei
447 638 488 699 At
509 637 540 696 ui
558 636 711 709 videmus,
725 635 789 695 haec
806 637 967 697 interum
981 653 1096 730 nani„

371 722 426 781 tria
448 659 529 779 fuiise
550 737 560 791 ;
582 735 615 777 ut
635 733 683 777 aut
703 737 771 777 tum
789 714 969 779 Saturnino
992 715 1074 800 effe,

373 817 423 862 aut
438 821 504 860 cunt
518 799 623 872 bonis,
640 815 688 858 aut
703 797 824 859 lateret.
836 797 988 872 Latere,
1002 819 1060 859 nn

372 884 409 942 tis
425 879 487 943 erai
504 877 589 939 instar
603 896 648 938 tur
671 881 774 938 issimae
791 897 804 951 3
826 899 904 940 cum
922 878 1058 941 saturnio
1093 893 1097 902 '

372 959 454 1036 ess'e,
476 960 580 1021 furoris
599 960 631 1020 &
648 901 763 1020 iceleris
781 978 791 1018 ι
814 961 948 1037 virtus,
974 961 1007 1021 8(
1022 959 1058 1022 ho·

373 1041 492 1118 nestas,
511 1042 543 1101 &
561 1042 657 1122 pudor
676 1059 743 1099 cum
757 1037 942 1102 consulibus
959 1039 1057 1104 effeto

374 1126 475 1208 gebat.
503 1121 572 1183 Hoc
596 1141 627 1182 tu
652 1122 737 1203 igitur
759 1121 790 1180 in
815 1123 944 1184 crimen
963 1141 1057 1194 vocas,

374 1205 457 1289 quod
484 1225 551 1265 tunt
571 1206 603 1263 iis
628 1201 714 1263 suerit
739 1197 778 1262 C.
801 1200 987 1279 Rabirius,
1007 1222 1059 1287 quot

374 1287 587 1348 amentissimus
602 1281 715 1357 fuisset,
735 1284 759 1341 si
774 1281 989 1368 oppugnass'et
998 1305 1009 1360 ;
1020 1299 1057 1344 ts·

374 1369 526 1450 pissimus,
544 1365 565 1423 si
583 1361 760 1446 reliquiss'et?

416 1446 475 1507 IX.
496 1445 538 1504 At
557 1441 595 1505 C.
613 1443 762 1505 Decianus
778 1488 788 1518 ,
810 1441 853 1507 de
871 1463 944 1529 quo
959 1463 992 1508 tu
1005 1445 1058 1528 sept

375 1545 609 1598 commemoras,
624 1529 710 1605 quia,
724 1544 817 1606 quum
833 1525 1001 1590 hominem
1012 1545 1058 1589 ou·

375 1606 459 1678 nibus
478 1609 621 1688 insignem
638 1609 715 1667 notis
729 1605 950 1688 turpitudinis,
966 1607 999 1670 P.
1017 1607 1058 1669 Fu·

376 1690 477 1762 rium,
499 1685 642 1748 act'usaret
662 1686 775 1747 summo
799 1687 906 1750 studio
932 1691 1057 1752 bonorum

376 1771 532 1852 omnium,
557 1770 637 1850 queri
654 1765 695 1830 est
713 1763 795 1827 ausus
812 1768 844 1828 in
869 1769 1057 1834 concioneit

376 1870 475 1926 ntorte
501 1849 673 1924 Saturnini,
697 1848 928 1913 condemnatus
950 1849 993 1916 est
1012 1850 1056 1911 t&

377 1930 446 1994 Sex.
458 1930 552 1991 Titius
563 1976 574 2003 ‚
589 1930 668 2013 quod
682 1929 780 1989 habuit
796 1925 972 2016 imaginem
982 1933 1014 1994 L.
1024 1930 1057 1992 St·

375 2013 482 2074 turnini
503 2013 584 2073 domi
602 2011 680 2083 suae,
697 2008 927 2075 condemnatus
946 2013 997 2078 est.
1014 2012 1058 2075 Su·

375 2109 493 2155 tuerunt
512 2093 624 2174 equites
641 2091 769 2152 Romani
785 2091 841 2154 illo
860 2090 1004 2176 judicio,
1020 2098 1058 2155 in·

375 2176 504 2272 probunt
523 2177 620 2232 civem
637 2169 695 2233 effe
715 2218 724 2245 ,
745 2172 776 2232 &
797 2193 865 2234 non
890 2175 1058 2240 retinendum

375 2274 407 2316 tn
423 2257 558 2324 civitate,
576 2255 624 2334 qui
638 2254 782 2327 hominis,
797 2253 949 2320 hostilem
966 2262 997 2320 in
1012 2276 1058 2318 nto
1073 2309 1079 2334 ,

377 2336 449 2398 dum
467 2335 610 2409 seditiosi,
629 2335 755 2415 imagine
777 2352 830 2396 aut
854 2357 997 2403 mortem
1017 2335 1079 2418 eju!

375 2414 562 2490 honestaret,
578 2433 628 2475 aut
641 2414 786 2476 desideria
800 2403 1080 2498 imperitorum*

376 2495 533 2558 sericordii
555 2511 783 2569 commoveret,
805 2515 857 2557 aut
881 2499 968 2563 suam
993 2504 1031 2586 sig

377 2575 479 2654 fitaret
499 2578 644 2637 imitandae
662 2577 861 2659 improbitatis
878 2581 1059 2644 voluntatem.

422 2675 471 2739 25.
492 2656 594 2798 Itapue
611 2658 682 2725 mihi
700 2659 804 2718 mirum
820 2660 951 2725 videtur
969 2709 981 2740 ,
1004 2661 1060 2724 unde

378 2739 526 2813 lunen,
567 2738 690 2813 abiens,
707 2741 764 2799 ima
785 2739 873 2810 'nem
889 2789 904 2820 ,
919 2767 1011 2828 quam
1025 2745 1078 2820 br,

378 2820 433 2883 bes
450 2867 460 2896 ,
477 2821 646 2881 inveneris:
667 2841 735 2880 nam
774 2840 830 2890 ex„
841 2819 935 2888 Titio
960 2828 1060 2888 damn

379 2918 441 2977 to,
465 2905 514 2985 qui
533 2898 614 2964 istam
632 2901 740 2962 habere
761 2902 892 2967 auderet
910 2952 924 2983 ,
944 2909 1060 2970 iitventu

380 2979 423 3044 ast
444 3005 546 3058 nemo.
571 2981 666 3065 Quod
691 2998 725 3054 tu
747 2985 773 3046 si
792 2983 956 3070 audiffes,
982 2987 1060 3054 ttutsi
