2617 4209
208 182 1103 546 -

356 799 454 869 Pno
480 794 817 867 Maura-utro.
888 816 940 890 27

256 914 343 980 'omni
359 910 501 990 ejusmodi
510 914 632 997 negotio
647 908 832 984 removiss'et,
845 926 947 973 tamen
1038 895 1040 901 ¹

262 1017 321 1080 pro
337 995 428 1064 loco,
443 1014 497 1076 pro
510 996 680 1135 antipuitate
691 994 805 1075 generis
816 989 878 1064 sui,
900 1010 952 1084 'ro

263 1096 331 1150 eo,
351 1073 431 1157 quod
447 1074 477 1135 se
494 1095 555 1135 non
582 1078 625 1134 uis
646 1073 739 1136 solum
757 1092 877 1133 commo
899 1092 923 1131 rs
938 1082 952 1148 ‚'

260 1154 313 1218 sed
327 1158 415 1217 etiam
428 1152 545 1216 suorum
559 1156 758 1235 municipum,
773 1170 954 1216 ceterorum·¹

255 1256 317 1317 que
341 1233 563 1298 necessariorum
586 1252 688 1297 natum
708 1232 765 1296 esse
787 1232 951 1294 arbitraba·

257 1333 326 1393 tur,
344 1333 432 1378 tanta
447 1315 594 1379 voluntati
609 1315 810 1381 universorum
827 1314 951 1389 Latina,

254 1400 334 1459 ¹tium
350 1395 445 1459 deeffe
458 1400 565 1460 noluit.

297 1499 352 1555 44.
373 1475 640 1562 Susceperam,
659 1477 846 1560 Romamque
866 1476 955 1539 dela-⁴

259 1558 326 1633 ti,
352 1579 465 1640 magnae
490 1557 625 1639 quotidie
650 1561 855 1619 contentiones
878 1562 955 1620 inter

261 1639 388 1702 Avitum
409 1639 442 1699 ὃ(
457 1636 659 1720 Oppianicum
675 1659 712 1699 ex
729 1638 873 1718 uniusque
893 1636 955 1698 stu·

261 1721 313 1779 dio
344 1716 522 1781 defensionis
548 1718 759 1780 excitabantur.
792 1717 861 1778 Erat
889 1716 950 1799 ipse

257 1801 408 1873 immani,
428 1799 593 1883 acerbdque
615 1799 719 1860 natura
739 1798 770 1860 0
793 1798 953 1881 pianicus:

259 1880 438 1942 incendebat
463 1877 526 1961 ejus
552 1883 710 1941 amentiam
733 1820 835 1942 indita
861 1897 952 1963 atque

258 1962 376 2024 inimica
386 1959 447 2021 filio
459 1978 555 2022 mater
568 1960 670 2023 Aviti:
685 1962 783 2045 magni
799 1977 897 2023 autem
913 1962 954 2023 il·

261 2042 343 2103 lisua
358 2040 490 2103 interesse
505 2041 736 2118 arbitrabantur,
749 2042 852 2103 hunca
867 2041 951 2104 causa

261 2122 441 2183 Martialium
457 2122 631 2184 demovere.
651 2121 776 2183 Suberat
787 2125 876 2184 etiam
895 2124 952 2185 alia

257 2202 346 2263 eausa
372 2200 497 2284 major,
520 2223 586 2287 quae
607 2202 797 2285 Oppianici,
823 2203 952 2265 hominis

260 2285 421 2345 avarissimi
431 2301 518 2367 atque
534 2283 736 2361 audacissimi,
749 2300 881 2346 mentem
889 2304 954 2354 mas

261 2366 340 2428 xime
360 2365 581 2427 commovebat.

305 2463 356 2527 45.
377 2444 456 2505 Nam
473 2444 581 2505 Avitus
598 2442 688 2525 usque
706 2442 744 2505 ad
760 2441 834 2505 illius
851 2441 955 2526 judicii

264 2540 382 2607 tempus
398 2523 510 2586 nullum
523 2522 728 2585 testamentum
747 2545 886 2608 umquam
903 2525 954 2590 fe·

259 2622 365 2667 cerat:
385 2625 482 2688 neque
505 2605 584 2666 enim
601 2604 700 2688 legare
722 2603 865 2686 ejusmodi
884 2629 952 2671 ma·

261 2687 300 2748 tri
325 2703 442 2769 poterat
462 2687 492 2747 in
518 2688 647 2748 animum
668 2686 831 2764 iuducere3
852 2707 952 2772 neque

261 2767 439 2831 testamento
466 2787 578 2829 nomen
601 2767 724 2829 omnino
744 2769 952 2850 praetermitte-

261 2850 451 2931 repetentis.
479 2846 515 2909 ld
542 2867 633 2930 quum
658 2845 842 2930 Oppianicus
864 2848 951 2920 sciret

262 2932 281 3006 (
300 2949 396 3014 neque
417 2928 496 2990 enim
518 2925 976 3016 οητο1)ιέιιῐιιιει)ἰιιιοΙΙὶβιι

264 3009 315 3070 bat
334 3052 345 3086 ,
372 3007 467 3071 Adito
487 3026 607 3070 mortuo
626 3052 638 3084 ,
664 3009 746 3072 bona
764 3006 829 3096 ejus
848 3015 925 3088 oms‘

263 3089 305 3150 ad
328 3088 529 3152 mattemesse
553 3105 709 3153 ventura:
734 3111 801 3176 qua
821 3091 861 3154 ab
891 3110 895 3119 ·

264 3165 394 3252 postea,
414 3170 495 3231 auda
510 3171 656 3252 pecunia,
672 3166 788 3252 majore
804 3181 871 3243 rw

264 3248 371 3311 orbata
389 3247 449 3311 filio
469 3295 480 3324 ‚
499 3252 613 3314 minore
639 3253 770 3334 periculo

263 3346 314 3398 tut
333 3350 342 3393 ι
362 3331 461 3416 itaque
478 3329 523 3396 his
542 3331 629 3396 sebur
645 3331 768 3398 incensu
