2617 4209
358 538 458 612 Puo
477 533 676 615 Auerna
697 543 879 617 Pom.
903 562 983 643 445

372 681 383 732 ·,
400 673 487 741 atque
498 659 658 735 servatam:
677 660 772 723 nostra
782 659 895 742 semper
907 659 990 723 fere·

366 739 428 813 ‚&
450 742 675 821 praedicabitur,
699 742 734 802 L.
752 742 873 813 Lucullp
897 741 989 801 dimi-

358 833 416 894 te,
443 843 509 881 cum
530 821 687 883 interfemis
712 822 831 882 ducibus
856 820 991 888 depressa

344 895 427 960 stium
449 902 572 976 elassis,
592 903 624 963 &
641 903 812 964 incredibilis
828 924 844 962 a
865 843 915 961 uri
922 900 989 962 Te-

237 1006 239 1010 ·
342 978 411 1040 dum
435 1003 532 1065 pugna
556 982 604 1042 illa
629 983 737 1043 navalis
767 1004 775 1042 :
802 924 897 1042 noire
922 981 990 1042 sunt

350 1081 413 1140 paea
425 1105 435 1135 ,
450 1061 549 1123 nostra
563 1080 773 1137 monumenta,
784 1060 872 1133 nostri
884 1065 992 1122 trium·

322 1138 361 1200 hi.
381 1140 502 1221 Quare,
522 1165 647 1225 quorum
664 1145 783 1225 ingeniis
800 1143 866 1203 haec'
882 1141 988 1203 ferun-

315 1240 377 1294 ur,
403 1222 440 1282 ab
462 1224 505 1282 his
526 1225 628 1305 populi
651 1222 779 1287 Romani
800 1222 877 1284 famu
901 1224 989 1286 cele-

324 1317 410 1362 ratur.

343 1401 393 1441 22.
413 1380 505 1443 Carus
522 1381 575 1442 mit
596 1381 737 1444 Africano
758 1381 789 1443 su
810 1378 988 1447 eriori'nos·

301 1477 348 1522 ter
363 1460 474 1523 Ennius
489 1484 499 1522 ι
521 1466 619 1545 itaque
634 1467 722 1524 etiam
735 1465 766 1523 in
780 1405 910 1544 §iipuicro
925 1463 990 1524 scu

301 1544 423 1623 pionum
442 1560 557 1624 putatur
571 1547 595 1604 is
614 1542 671 1605 effe
686 1542 854 1605 constitutus
871 1564 888 1604 e
905 1564 990 1605 mar·

300 1643 395 1685 more.
415 1621 458 1684 At
469 1626 503 1684 iis
515 1624 646 1686 laudibus
663 1627 740 1686 certe
756 1647 818 1686 nou
834 1623 925 1699 sulum
942 1626 992 1706 ip·-

300 1707 345 1777 si,
363 1705 413 1785 qui
431 1705 580 1766 laudantur
597 1752 607 1780 ,
625 1707 675 1767 sed
694 1710 782 1768 etiam
797 1707 907 1787 populi
916 1704 987 1779 Rp·

300 1786 378 1842 mani
388 1803 497 1844 nomen
506 1803 633 1845 ornatur.
644 1785 681 1845 ¹Iu
691 1789 798 1848 coelum
808 1784 891 1864 hujus
899 1808 987 1867 proa-

299 1884 355 1927 vus
374 1860 451 1923 Cato
469 1863 579 1923 tollitur
597 1885 605 1922 ε
626 1885 747 1945 magnus
764 1865 860 1925 honos
880 1867 987 1946 populi

299 1942 429 2003 Romani
445 1941 531 2003 rebus
543 1941 630 2022 adjuu
651 1944 725 2003 itur:
740 1964 843 2005 omues
855 1945 987 2026 denique

274 2089 277 2093 ,
299 2025 341 2085 illi
357 2023 501 2099 Maximi,
521 1964 676 2097 Mummii,
693 2022 787 2085 Fulvii
806 2068 819 2097 ‚
836 2046 897 2086 non
924 2028 991 2087 sine

301 2108 449 2167 communi
473 2108 606 2167 omnium
630 2101 761 2166 nostrum
782 2104 867 2165 laude
891 2106 989 2169 deco·

299 2203 408 2247 ramur.

341 2264 382 2326 X.
398 2263 477 2347 Ergo
495 2267 597 2340 illum,
617 2265 669 2348 qui
686 2265 749 2328 haec
763 2263 871 2327 fecerat
888 2311 898 2340 ‚
917 2265 988 2328 Ru-

301 2345 382 2406 dium
399 2347 549 2408 hominem
561 2392 572 2423 ,
585 2345 713 2428 majores
734 2344 860 2407 nostriin
880 2348 990 2408 civita·

298 2443 363 2488 tem
378 2445 566 2506 receperunt:
584 2450 642 2489 nos
652 2430 728 2490 hum
744 2425 988 2502 Heracliensem,

300 2506 398 2568 multis
411 2508 571 2568 civitatibus
585 2512 765 2591 expetitum,
781 2511 811 2568 in
822 2507 876 2567 hac
886 2523 989 2569 autem

297 2588 411 2672 legibus
429 2585 635 2664 constitutum,
651 2589 689 2651 de
700 2588 921 2663 nostraciyitate
933 2587 990 2668 eji-

299 2671 408 2729 ciemus
433 2667 445 2728 ἓ
475 2665 552 2728 Nam
578 2672 600 2728 si
627 2671 690 2750 quis
718 2668 867 2728 minorem.
885 2669 989 2752 glor-ia

299 2747 423 2808 fruRum
441 2765 523 2830 putat
536 2770 572 2810 ex
587 2748 697 2810 Graecis
713 2748 844 2809 uersibus
858 2753 989 2830 percipi,

245 2882 250 2890 .
320 2828 387 2887 uim
405 2848 441 2888 ex
459 2829 790 2904 Latinis,vehementer
808 2845 899 2904 errat,
910 2851 987 2910 pro·

320 2925 400 2968 terea
422 2908 502 2988 quud
523 2907 627 2969 Graeca
642 2909 670 2969 le
691 2925 776 2969 untur
796 2910 829 2968 in
849 2909 990 2969 omnibus

330 2989 360 3048 re
377 2988 528 3071 gentibus:
548 2989 649 3049 Latina
664 2929 716 3050 iris
732 2987 857 3062 finibus,
873 2989 989 3068 exiguis

348 3069 591 3148 e,c0utiueutur.
617 3069 720 3155 Quare
734 3072 757 3132 si
773 3089 822 3134 res
835 3069 880 3132 hae
888 3113 900 3145 ‚
913 3086 987 3150 quer
