2617 4209
385 578 463 674 476
535 648 539 657 ,
613 577 866 653 ΟΜΜο·

386 711 418 756 te
435 694 573 767 fuerunt,
591 715 653 755 non
675 694 764 755 debet
781 692 893 761 habere
911 687 1073 761 rodortei

385 791 473 847 cemt
493 773 543 834 sed
566 789 664 835 tamen
680 771 833 853 judicium.-
847 770 911 833 fieri
935 774 1070 848 videtur-r

385 875 476 936 quum
486 854 589 913 tabuiae
599 856 656 914 iliae
666 853 751 934 ipse,
764 850 983 933 cujusquemodi
992 852 1072 928 sunt,

384 934 571 1015 proferuntur
585 954 594 991 t
608 954 699 1015 quum
719 935 793 995 verb
815 935 860 1005 is,
874 948 1072 1014 quomruemo

385 1013 513 1074 vestrfim
525 1014 599 1073 vidit
613 1030 883 1095 unquam3nemo1,
898 1015 1073 1092 quinione·

385 1093 420 1153 lis
437 1093 506 1153 effer
516 1138 525 1166 ‚
537 1095 646 1154 audivit
656 1115 667 1166 3
677 1110 789 1152 tantum
805 1092 874 1152 dicit
885 1094 987 1163 ,Dedi
997 1116 1007 1155 t
1017 1094 1074 1168 du·

384 1172 502 1244 bnans,
516 1173 632 1233 Judices
647 1218 660 1243 ,
673 1174 744 1252 quin
761 1171 801 1231 ab·
816 1172 873 1233 hoc
888 1172 1072 1252 ignotissimo

385 1251 503 1333 Phryge
529 1251 739 1312 nobilissimum
767 1255 863 1319 civem
885 1252 1070 1323 vindicetis?

386 1330 486 1412 Atque
500 1333 564 1391 huic
577 1332 675 1393 eidem
693 1345 793 1411 nuper·
801 1348 859 1391 tres
875 1334 991 1412 equitet
1007 1333 1074 1404 Ro·

386 1416 464 1472 mani
477 1407 589 1473 honesti
601 1414 633 1475 ὃ(
646 1429 751 1494 graves
765 1448 775 1484 ⁵
787 1431 876 1491 quum
895 1413 925 1471 in
940 1411 1023 1473 causa
1038 1415 1081 1474 li·-

385 1493 476 1553 berali
499 1513 587 1564 eum,
616 1495 667 1573 qui
690 1490 892 1563 afferebat-ur,
915 1507 1072 1575 cognatum

384 1572 467 1632 suum
488 1571 545 1634 effe
570 1573 699 1646 dicerer,
719 1583 780 1633 non
797 1571 1072 1713 credideruntqut

386 1651 443 1711 hoe
461 1655 580 1724 evenit,
601 1670 653 1724 ut,
671 1653 720 1731 qui
739 1650 870 1732 locuples
888 1649 967 1713 testis
987 1653 1027 1715 do
1039 1674 1074 1715 o-

384 1735 423 1790 ris
437 1734 469 1791 &
482 1733 621 1812 sanguinis
632 1730 672 1791 sui
685 1752 746 1791 non
759 1731 863 1807 fuerit,
874 1732 955 1801 idem
966 1735 1002 1794 sit
1012 1754 1075 1818 gra·

385 1813 430 1874 vis
447 1812 545 1872 audior
561 1809 671 1890 injuriae
688 1812 834 1888 pubiicae?
930 1834 933 1839 ·

390 1948 392 1952 .
428 1893 598 1973 41..Arque
613 1892 659 1953 hie
678 1891 856 1971 Dorylensis
873 1912 969 1973 nuper
1006 1910 1075 1957 uum

387 1971 536 2037 efferretur
554 1973 658 2054 magni
679 1960 866 2054 frequenti&
886 1916 1074 2057 conseduque

386 2053 505 2128 vestro,
521 2056 622 2113 mortis
640 2052 715 2112 illius
732 2053 869 2112 invidiam
887 2055 920 2127 in
933 2054 969 2115 L.
988 2054 1074 2116 Flac-

387 2152 455 2193 cum
472 2128 574 2194 Laelius
590 2126 769 2194 conferebat.
783 2133 864 2193 Facis
877 2132 997 2209 iniuste,
1011 2136 1073 2196 Lae-

388 2210 408 2272 li
418 2259 427 2286 ‚
437 2217 459 2274 si
470 2233 553 2293 putas
564 2214 695 2294 periculo
707 2205 804 2274 nostro
814 2217 916 2275 vivere
926 2232 994 2275 tuos
1004 2237 1073 2276 eon-

387 2294 573 2367 tubernales;
590 2292 746 2374 praesertim
763 2295 843 2374 quod
859 2294 908 2353 tud
925 2297 1074 2379 negligen-

388 2375 429 2432 tie
444 2375 550 2435 fadum
565 2374 754 2434 arbitremur:
766 2376 876 2435 homini
889 2376 969 2435 enim
981 2376 1072 2458 Phry·

408 2456 440 2527 i,
462 2457 510 2535 qui
532 2455 666 2514 arborem
688 2453 734 2513 fici
758 2476 916 2537 numquam
939 2456 1071 2532 vidiffet‚

385 2474 511 2594 fiscinam
530 2530 652 2594 ficorum
666 2532 798 2612 objecisti
817 2557 823 2595 :
846 2534 926 2614 cujus
944 2558 1025 2598 mors
1042 2555 1071 2598 te

386 2631 424 2670 ex
446 2616 539 2695 aliqua
560 2633 641 2694 parte
666 2616 833 2676 relevavit:
854 2617 975 2677 edacem
993 2620 1072 2677 enim

383 2689 527 2770 hospitem
546 2694 680 2758 amisisti:
695 2695 799 2755 Flacco
818 2697 976 2778 veroquid
997 2719 1072 2778 pro·

384 2768 458 2841 fuit,
472 2777 521 2852 qui
537 2775 628 2833 valuit
649 2776 780 2847 tamdiu,
800 2776 868 2834 dum
891 2777 947 2836 huc
988 2778 1072 2839 rodi·

385 2850 595 2912 ret?.mortuus
613 2853 653 2911 est
670 2899 680 2925 ‚
699 2855 800 2915 aculeo
816 2852 876 2933 jam
893 2859 952 2917 emi
974 2881 1018 2932 o,
1040 2879 1073 2919 ac

384 2928 462 2988 ditto
478 2931 669 2993 testimonio?
683 2932 725 2993 At
739 2933 810 2994 istud
827 2937 966 2999 columen
980 2938 1074 3001 adio-

382 3011 428 3071 nis
445 3026 520 3083 tuae,
532 3013 736 3088 Mithridates,
749 3015 1074 3097 posteaquambiduum

378 3103 512 3162 retentus
528 3090 641 3158 testis-a
655 3095 740 3158 nobis
750 3140 762 3174 ,
781 3094 908 3175 effudit,
930 3121 996 3182 quae
1014 3123 1074 3168 vo·

244 3214 401 3418 ἢ
