2617 4209
358 372 433 444 '128
547 367 830 441 omrol.

357 485 486 568 aliquid,
509 503 595 569 atque
614 484 715 547 afferet
732 510 742 547 .·
761 508 830 547 nam
848 484 1054 567 superioribus
1099 543 1103 552 ‚

357 566 496 650 capitibus
510 568 633 650 dignitas
650 567 753 650 populi
765 567 897 628 Romani
914 567 1054 628 violaba·
1098 597 1102 650 ξ

358 664 406 707 tur
424 669 432 707 ε
456 668 566 709 nomen
582 650 697 729 imperii
713 650 742 708 in
764 667 936 724 commune⁸
950 647 1053 709 odium

360 728 439 788 orbis
468 745 553 790 terrae
577 729 763 790 vocabatur:
793 729 881 789 urbes
908 742 1053 810 pacata,

358 809 421 889 agri
441 806 614 883 sociorum,
641 829 744 891 regum
763 807 850 869 ssatus
871 808 1052 870 decemviris

359 887 560 949 donabantur:
583 888 821 970 nuncpraesens,
840 906 946 963 certa,
965 909 1053 971 pecu·
1094 931 1099 974 ἱ

357 970 406 1029 nia
423 986 573 1029 numerata
592 972 737 1051 quaeritur.

403 1066 431 1128 3.
453 1048 615 1130 Exspesio,
631 1051 701 1131 quid
713 1050 844 1120 tribunus
858 1049 963 1130 plebis
981 1050 1052 1133 vigi·

357 1128 422 1189 lans
441 1130 587 1191 &acutus
604 1131 762 1212 excogitet.
784 1130 925 1204 Veneat,
940 1132 1051 1212 ineptit,

359 1210 434 1282 silva
447 1208 571 1272 Scantia.
593 1210 703 1271 Utrum
719 1210 841 1272 tandem
856 1210 935 1272 hanc
950 1211 1052 1273 silvam

359 1289 512 1360 inreliffls
531 1289 776 1373 possessionibus,
795 1311 833 1352 an
851 1291 883 1350 in
896 1291 1053 1354 censorum

360 1369 470 1454 pascuis
481 1370 614 1436 invenisti
625 1372 636 1431 ἒ
649 1374 674 1432 si
686 1371 755 1453 quid
767 1370 808 1433 est
815 1389 828 1443 ',
836 1372 923 1452 ‘quod
936 1373 1052 1456 indaga·

360 1452 418 1523 rie,
433 1452 598 1524 inveneris,
615 1472 652 1512 ex
664 1452 791 1522 tenebris
804 1456 913 1513 erueris
928 1499 940 1527 ,
957 1475 1052 1537 quam·

360 1545 450 1613 quam
468 1533 598 1613 iniquum
610 1531 671 1605 est,
691 1532 829 1594 consume
845 1549 952 1594 tamen
971 1535 1052 1609 sane,

274 1642 279 1651 ·
361 1613 509 1751 Suoniann.
525 1614 716 1674 commodum
735 1613 776 1674 est
792 1658 803 1684 ,
822 1617 970 1693 quoniam
991 1616 1052 1699 qui·

386 1712 434 1752 em
451 1708 481 1752 tu
498 1693 631 1754 attulisti:
650 1694 754 1755 silvanr
769 1695 841 1755 verb
854 1692 1052 1757 tu'Scantiam

363 1773 494 1848 vendas,
512 1775 599 1835 nobis
616 1774 778 1836 consulibus
792 1791 905 1854 ‚utque
925 1775 990 1838 hoc
1010 1775 1053 1838 se·

362 1853 457 1924 nutu?
477 1870 509 1923 tu
528 1855 618 1915 ullum
634 1855 760 1938 vesiigai
777 1853 925 1936 attingas?
947 1874 982 1918 tu
1000 1879 1053 1939 po·

364 1936 426 2017 puli
442 1934 569 1996 Romani
586 1936 709 2006 subsidia
723 1936 813 1995 belli?
831 1954 862 1994 tu
876 1954 1052 2018 ornameutp

363 2018 442 2096 pacis
464 2019 595 2097 eripias?
616 2015 696 2078 Tum
719 2017 792 2077 verb
817 2016 874 2076 huc
896 2031 950 2084 me
975 2023 1052 2092 iner-

363 2096 472 2155 tiorem
499 2097 646 2157 consulem
671 2096 838 2176 judicabo,
868 2096 965 2176 quim
991 2101 1053 2161 ulcr

362 2172 537 2236 fortissimos
556 2180 658 2248 viros,
681 2181 729 2258 qui
745 2177 821 2257 apud
839 2174 976 2255 majores
993 2178 1053 2244 uos·

362 2270 427 2315 tros
447 2253 582 2329 fuerunt;
605 2256 684 2337 qubd
703 2277 766 2337 quae
789 2255 947 2337 vekiigalia
967 2306 979 2333 ,
1003 2262 1053 2322 illis

364 2334 527 2402 ¹consulibus
546 2381 555 2409 ‚
574 2337 685 2417 populo
708 2337 843 2395 Romano
863 2358 952 2416 parta
968 2341 1053 2415 sunt,

363 2435 418 2489 ea,
438 2436 487 2475 me
505 2416 643 2490 consule,
660 2438 698 2478 ne
717 2420 833 2479 retineri
851 2420 980 2498 quidem
1001 2443 1053 2507 po·

361 2494 443 2574 tuiffe
461 2494 674 2572 judicabuntur.
1033 2513 1037 2518 '

367 2629 370 2634 .
405 2574 451 2635 ΙΙ.
471 2575 581 2638 Vendit
596 2577 684 2638 ltaliae
702 2576 896 2659 possessiones
915 2600 956 2641 ex
975 2584 1054 2646 ordi·

364 2675 403 2718 ne
422 2677 544 2718 omnes:
567 2657 631 2719 sane
652 2657 692 2719 est
712 2662 740 2719 in
760 2680 798 2720 eo
818 2660 967 2741 diligens3
992 2666 1055 2726 nui·

363 2736 422 2800 lam
442 2740 519 2799 enim
538 2742 750 2820 praetermittit:
770 2739 951 2821 persequitur
966 2748 998 2805 in
1015 2755 1056 2807 tit·

363 2818 437 2879 bulis
464 2819 597 2881 censoriis
624 2838 717 2880 totam
750 2819 874 2881 Siciliam
898 2843 906 2881 ε
941 2827 1055 2887 nullutn

364 2900 538 2978 edificium„
554 2902 650 2966 nullos
669 2923 754 2986 agros
775 2902 921 2985 relinquit.
944 2905 1057 2970 Audit·
