2617 4209
373 254 448 329 180
549 249 773 324 oram
812 254 881 327 II.

371 372 501 445 definis,
522 391 617 454 neque
637 372 771 431 nominas
788 414 798 443 ,
817 390 854 431 ut
873 369 983 432 saltem
1002 369 1078 437 deli.

370 456 473 518 berete
493 454 575 534 plebs
595 453 729 513 Romana
744 453 841 531 possit
859 495 870 525 ,
891 453 969 534 quid
987 455 1080 516 inter.

371 540 409 598 sit
426 534 495 608 sui,
516 535 584 616 quid
610 532 774 615 expediar,
797 551 954 612 quantum
975 535 1026 594 tibi
1040 537 1080 612 in

372 614 526 688 emendis,
542 616 574 676 &
590 617 620 675 in
635 610 799 674 vendendis
817 613 916 674 rebus
937 618 1078 684 commit.

372 697 495 758 rendum
512 694 618 776 putet?
641 691 788 767 Definio,
805 693 930 775 inquit,
951 693 1060 756 Italiam

372 777 447 839 Satis
468 795 547 837 certa
567 777 648 857 regio
670 796 677 833 :
699 774 808 834 etenim
825 776 1013 855 quantulum
1028 779 1061 836 iu·

373 857 485 929 retest,
505 858 600 916 uirum
620 859 649 916 in
673 853 790 915 Massici
808 855 936 917 radices
957 902 972 933 ‚
993 859 1060 918 ani·

372 940 391 986 Ρ
409 938 539 1012 ltaliam,
561 936 657 998 alidve
678 934 892 996 deducamini?

418 1021 469 1097 67.
482 1019 548 1101 Age
556 1020 647 1089 verb,
659 1037 719 1077 non
730 1012 835 1075 definis
845 1016 960 1080 locum
970 1038 979 1078 ε
990 1015 1061 1099 quid!

376 1119 510 1164 naturam
529 1098 613 1181 agri?
632 1097 736 1171 Vero,
754 1098 878 1176 inquit,
902 1101 959 1178 qui
979 1102 1061 1169 arari,

376 1203 428 1243 auc
446 1183 502 1244 coli
514 1182 614 1262 possit.
639 1178 701 1257 Qui
719 1179 810 1259 possit
827 1181 908 1240 arari
929 1223 943 1253 ‚
961 1180 1061 1261 inquit,

376 1280 427 1324 aut
443 1261 524 1322 coli:
546 1281 608 1320 non
624 1260 673 1339 qui
691 1275 784 1319 aratus
802 1302 813 1331 ,
838 1275 893 1320 aut
913 1259 1013 1321 cultus
1028 1262 1061 1320 sit.

378 1343 487 1404 Utrum
506 1341 566 1400 haec
581 1341 629 1401 lex
650 1336 713 1412 est,
731 1360 766 1399 an
785 1339 892 1402 tabula
906 1338 1061 1404 Neratiauae

375 1421 542 1484 audieris?
562 1422 592 1480 in
615 1441 673 1501 qua
693 1418 829 1500 scriptum
855 1419 949 1484 fuiffe
973 1423 1062 1482 aiuun

377 1507 479 1586 Iugera
500 1518 564 1574 ce,
582 1503 613 1561 in
629 1501 728 1581 quibus
741 1500 877 1561 olivetum
887 1503 964 1581 fieri
978 1504 1063 1586 poufl:

372 1583 601 1734 indiamcecriei
617 1584 677 1724 iiiii
690 1582 1064 1746 iiiiifdii‘pe'dii*

379 1746 462 1830 quod
479 1748 570 1816 arari,
591 1762 639 1804 aut
651 1743 708 1804 coli
726 1741 843 1823 possit?
863 1743 974 1826 Quod
990 1705 1064 1808 solui

378 1844 442 1890 ram
462 1828 536 1888 exile
560 1826 591 1886 δι
615 1844 743 1886 macrum
769 1820 843 1898 est,
868 1829 963 1908 qu'od
987 1845 1064 1890 aratro

375 1908 529 1991 perstringi
552 1928 612 1968 non
631 1906 748 1988 possit?
770 1919 819 1965 aut
836 1908 929 1986 quod
956 1907 1001 1971 est
1020 1926 1064 1970 mn

377 1990 511 2071 asperum
524 1987 674 2059 saxetum,
687 1988 716 2044 in
730 2006 789 2065 quo
802 1989 1013 2067 agricolarum
1023 1988 1065 2050 cui

375 2086 426 2130 rus
443 2090 504 2129 non
524 2068 679 2130 elaboret.²
693 2065 828 2138 Idcirco,
850 2069 979 2151 inquit,
997 2088 1065 2155 agros

375 2153 533 2212 nominare
554 2168 615 2207 non
629 2144 764 2227 possum,
783 2149 852 2228 quia
870 2165 1004 2235 tangam
1019 2150 1065 2213 nul·

373 2230 442 2304 Jum
467 2231 504 2290 ab
531 2231 635 2290 invito.
668 2227 735 2287 Hoc
758 2248 882 2308 quoque
908 2234 1014 2295 multo
1037 2228 1064 2293 ei

374 2309 586 2392 ,questuosius‚
605 2309 693 2391 quim
711 2311 733 2368 si
753 2310 789 2367 ab
807 2310 907 2374 invito
929 2313 1065 2376 sumeret:
1087 2363 1092 2398 ἰ

376 2391 496 2456 inibitur
515 2392 594 2451 enim
612 2393 686 2454 ratio
706 2386 827 2471 quaestds
845 2390 887 2452 de
905 2393 1010 2456 vestra
1029 2413 1066 2475 pe·

378 2472 492 2532 cunia:
522 2471 553 2529 &
580 2486 642 2530 rum
671 2470 800 2550 denique,
823 2490 898 2551 ager
929 2494 1067 2545 emetur,

377 2571 472 2695 Tum·
490 2551 568 2612 idem
593 2550 754 2631 expedierit
779 2555 913 2632 emptori
944 2558 983 2618 &
1006 2577 1067 2621 ven·

401 2651 477 2694 acori.

421 2708 554 2810 mi·
574 2709 633 2771 Sed
651 2711 751 2805 videte
770 2713 832 2808 vim
849 2711 928 2798 legis
949 2719 1067 2815 agrario.

380 2792 429 2858 Ne
452 2817 472 2858 u
491 2792 640 2877 quidem,
663 2814 713 2876 qur
731 2794 869 2878 publicos
894 2802 1068 2881 possident,
1093 2853 1098 2896 Ι
