2617 4209
374 767 450 846 Da
483 734 1016 869 translatitia-185

319 886 353 950 ἀ
371 889 482 971 majora
498 890 627 970 praesidia
642 888 830 972 quaeruntur?
847 909 917 949 num
935 886 999 949 obs

313 971 386 1042 'cure
409 991 531 1053 regnum
552 967 762 1032 constituitur?
784 990 854 1030 num
879 967 999 1029 obscure

314 1048 432 1124 libertas
450 1052 543 1111 vestra
561 1050 693 1111 tollitur?
713 1049 790 1110 Nam
808 1071 897 1133 quum
907 1049 998 1109 iidem

315 1152 437 1191 ornnem
460 1135 637 1212 pecuniam,
660 1132 815 1191 maximam
836 1129 998 1190 multitudi-

315 1231 384 1270 nem
405 1257 414 1285 ‚
435 1209 545 1284 idest,
566 1229 660 1272 totam
680 1210 794 1272 ltaliam
816 1210 870 1270 suis
893 1211 997 1290 opibus

315 1290 493 1351 obsidebunt
504 1312 514 1363 ·,
527 1291 616 1352 iidem
629 1290 754 1352 vestram
767 1290 997 1351 libertatemsuis

337 1370 454 1431 raesidiis
489 1372 521 1429 δι
549 1373 672 1432 coloniis
702 1370 881 1431 interclusam
909 1388 998 1431 tene-

310 1392 418 1513 lunt:
447 1470 510 1529 quae
535 1448 598 1529 spes
622 1450 771 1524 tandem,
795 1472 857 1531 quae
878 1448 996 1510 facultas

313 1550 384 1590 recu
407 1527 521 1589 etandae
538 1528 639 1589 vestrae
652 1530 789 1590 libertatis
802 1529 998 1609 relinquetur?

356 1550 407 1683 7d.
428 1607 470 1668 At
490 1612 568 1687 enim
587 1630 655 1692 ager
676 1608 749 1671 Cam
773 1631 841 1670 anus
856 1609 914 1684 ‘hac
930 1609 995 1691 lege

312 1685 489 1763 dividetur,
510 1690 588 1750 orbis
607 1708 691 1750 terrae
713 1631 920 1771 pulcherrimus
930 1710 942 1763 ;·
964 1691 997 1750 &

309 1769 449 1851 ‚Capuam
471 1770 597 1831 colonia·
612 1771 788 1842 deducetur,
807 1771 911 1831 urbem
932 1781 998 1829 am'-

309 1852 473 1932 plissimam
508 1868 595 1935 atque
630 1853 872 1911 ornatissimam:
910 1868 996 1932 atque

310 1931 386 2014 quid
406 1931 442 1989 ad
461 1931 522 1991 lraec
539 1930 684 2012 possumus
702 1932 821 1992 dicere?
840 1930 891 1991 De
911 1953 997 1992 com-

308 2010 409 2073 modo
426 2010 522 2071 vestro
537 2014 613 2091 pribs
626 2011 739 2084 dicam,
753 2011 898 2089 Quirites:
919 2012 998 2071 dein·

304 2092 353 2170 ,de
374 2090 412 2150 ad
430 2091 648 2171 amplitudinem
662 2093 694 2151 &
711 2092 879 2172 dignitatem
896 2112 998 2152 rever-

304 2188 376 2248 aar:
396 2187 446 2246 ut,
467 2175 489 2231 si
506 2174 568 2253 quis
587 2175 646 2254 agri
658 2192 735 2245 ‚aut
751 2170 853 2250 oppidi
869 2170 1001 2232 bonitate

298 2251 503 2327 delesietur,
526 2252 654 2331 nequid
676 2250 839 2331 exspettet:
865 2251 888 2307 si
909 2271 1000 2329 quem

296 2337 357 2399 ,rei
376 2334 497 2413 dignitas
511 2349 706 2405 commovet,
724 2348 756 2389 ut
772 2332 839 2389 huic
860 2330 999 2391 simulatae

299 2413 462 2493 largitioni
478 2409 597 2470 resistat.

354 2511 407 2569 77.
430 2491 475 2550 Ac
499 2493 625 2571 primum
648 2491 684 2553 de
706 2490 815 2572 oppido
839 2490 953 2564 dicam,
976 2494 999 2551 si

333 2576 378 2633 uis
398 2571 438 2632 est
454 2571 550 2646 sorte,
566 2593 653 2654 quem
671 2570 772 2652 Capua
788 2573 897 2654 magis,
911 2571 998 2651 quim

302 2596 413 2717 {orna
438 2652 572 2713 deletlat.
601 2653 740 2732 Quinque
763 2654 852 2713 millia
873 2654 1000 2712 colono·

302 2756 378 2798 num
401 2733 533 2814 Capuam
556 2733 638 2793 scribi
658 2732 762 2812 jubet:
785 2734 820 2792 ad
845 2735 920 2791 hunc
943 2754 998 2793 nu-

303 2834 429 2875 merum
461 2816 624 2895 quingenos
657 2816 709 2874 sibi
742 2815 844 2895 singuli
877 2813 999 2874 sument.

305 2891 445 2972 Quaeso‚
461 2895 552 2954 nolite
566 2892 757 2975 vosmetipsos
772 2893 912 2954 consolari
924 2916 931 2953 :
943 2916 999 2954 ve·

309 2975 349 3034 re
369 2972 401 3030 &
421 2973 571 3055 diligenter
588 2976 788 3035 considerate:
808 2995 876 3035 num
894 2976 999 3049 vobis,

304 3068 365 3113 atat
391 3049 477 3110 vestri
501 3056 665 3128 similibus,
685 3058 802 3136 integris
825 3100 834 3128 ‚
860 3057 963 3134 quietis
988 3099 998 3126 ,

306 3133 419 3195 otiosis
438 3132 621 3206 hominibus,
640 3139 670 3193 in
686 3137 743 3195 hoc
762 3156 883 3194 numero
900 3135 999 3193 locum

301 3216 381 3276 fore
403 3211 533 3292 putatis?
557 3213 587 3270 Si
605 3212 645 3271 est
663 3216 797 3273 omnibus
815 3215 929 3283 nobb,
951 3228 998 3269 aut

300 3293 421 3377 majori
438 3290 564 3356 vestrum
578 3295 671 3373 parti:
687 3314 860 3374 quamquam
875 3312 922 3351 me
938 3291 1000 3353 ves·
