2617 4209
325 625 399 701 Dn
422 628 551 702 Leon
577 632 830 702 Acnnnu.
867 633 942 726 187

282 748 396 818 ondit,
415 770 432 807 a
456 744 594 806 Romulia
609 745 685 811 tribu
703 746 731 809 se
752 748 865 807 initium
885 744 943 808 ess'e

258 766 408 887 saetarum.
432 826 559 886 Primhm
577 871 587 901 ,
604 846 667 907 quae
688 826 729 888 est
743 826 794 888 ista
811 827 944 909 superbia

257 906 293 967 ἃ
317 908 521 978 contumelia,
545 924 577 966 ut
599 908 701 986 popuii
721 930 787 991 pars
809 924 944 989 ampute-

256 1003 323 1061 tut,
342 988 417 1048 ordo
436 989 562 1048 tribuum
579 1007 617 1048 ne
639 987 764 1071 ligatur?
781 990 847 1048 ante
865 985 944 1048 rusti·

257 1069 299 1127 cis
315 1068 399 1128 detor
414 1087 504 1151 ager,
522 1070 571 1149 qui
587 1008 696 1129 hainent
713 1114 723 1145 ‚
745 1069 832 1150 quim
854 1068 942 1128 urba·

256 1148 331 1221 nis,
355 1149 457 1230 quibus
483 1145 534 1207 ista
554 1150 614 1229 agri
636 1147 700 1229 spes
725 1150 756 1209 &
780 1147 948 1228 jucunditas.
991 1206 994 1210 ,

247 1224 439 1288 ostenditur?
457 1244 528 1300 aut,
546 1231 569 1288 si
589 1229 646 1287 hoc
662 1227 698 1287 ab
715 1228 744 1289 se
762 1228 867 1290 ditium
887 1249 942 1290 ne·

256 1323 327 1389 gat,
343 1308 375 1367 &
386 1306 548 1376 satisfacere
565 1308 700 1366 omnibus
714 1310 799 1368 vobis
814 1311 941 1390 cogitat;

279 1385 408 1446 roserat:
424 1387 453 1446 in
467 1382 497 1464 ju
518 1406 567 1447 era
585 1386 661 1446 dena
677 1386 835 1448 describat:
853 1410 869 1447 a
889 1386 943 1447 Su·
1038 1429 1039 1432 η

255 1407 366 1527 iurant
381 1465 469 1548 usque
478 1405 517 1525 aff
529 1464 702 1528 Arniensem
715 1470 834 1530 nomina
847 1464 943 1530 vestra

256 1564 413 1628 proponat.
436 1545 466 1607 Si
484 1568 544 1607 non
561 1547 654 1609 modo
675 1547 750 1609 dena
764 1546 864 1631 jugera
882 1546 943 1609 dari

256 1626 343 1688 vobis
362 1672 374 1699 ,
397 1627 501 1690 sedne
520 1627 672 1710 constipari
692 1628 810 1710 quidem
828 1644 942 1689 tantum

256 1728 409 1769 numerum
427 1709 578 1769 hominum
590 1707 670 1791 posse
683 1713 713 1769 in
732 1731 831 1792 agrum
851 1708 943 1771 Cam·

255 1809 363 1870 panum
380 1790 544 1870 intelligetis
560 1811 569 1861 ;
588 1807 724 1850 tamenne
742 1793 842 1851 vexari
862 1811 941 1850 tem-

234 1923 238 1928 .
278 1869 404 1928 ublicam
428 1913 437 1942 ‚
462 1871 612 1928 contemni
637 1868 816 1944 majestatem
840 1870 943 1950 populi

255 1891 419 2021 ioman,
447 1947 544 2008 deludi
571 1947 762 2029 vosmetipsos
792 1950 896 2010 diutius
922 1969 940 2014 a

256 2029 375 2090 tribuno
394 2029 486 2109 plebis
503 2028 674 2108 patiemini?

298 2108 348 2168 80.
369 2099 508 2187 Quodsi
530 2107 624 2188 posset
650 2127 719 2190 ager
747 2105 797 2168 iste
822 2107 860 2167 ad
884 2127 941 2167 vot

255 2192 411 2269 pervenire
434 2210 444 2259 3
469 2208 569 2247 nonne
589 2209 656 2247 eum
676 2205 774 2247 tamen
797 2190 825 2247 in
852 2191 943 2267 patti-

256 2266 477 2328 monio'vestto
496 2286 647 2328 remanere
668 2268 818 2331 malletis?
835 2287 943 2327 unum·

255 2367 296 2410 ne
322 2346 444 2407 fundum
465 2348 688 2430 pulcherrimum
707 2350 808 2430 popuii
830 2349 943 2409 Roma·
985 2362 987 2369 '

254 2429 307 2499 ni,
334 2447 421 2510 caput
442 2426 542 2488 vesttae
566 2433 722 2511 pecuniae,
750 2431 829 2511 pacis
856 2451 943 2490 otna-

254 2528 387 2571 tnentum
406 2555 416 2584 ‚
434 2509 588 2571 subsidium
607 2510 699 2585 belli,
718 2510 941 2571 fundamentum

254 2591 438 2674 vesiigalium
460 2635 471 2665 ,
496 2592 634 2651 horreum
661 2591 809 2673 legioninn
830 2636 840 2664 ‚
865 2589 942 2650 sola·

253 2673 326 2732 tium
350 2695 502 2745 annonae,
529 2670 664 2751 disperire
687 2671 864 2752 patiemini?
888 2670 939 2732 Αη

255 2750 339 2809 obliti
357 2751 441 2827 estis,
460 2751 562 2813 Italico
582 2752 686 2825 bello,
703 2755 811 2813 amissis
836 2753 942 2812 ceteris

254 2828 459 2908 vetiigalibus‚
479 2849 602 2914 quantos
623 2835 685 2915 agri
703 2831 847 2913 Campani
866 2831 942 2891 fruc·

228 2948 230 2951 -
255 2907 334 2967 tibus
356 2913 497 2971 exercitus
518 2914 642 2974 alueritis
662 2911 674 2973 ἓ
697 2912 747 2973 An
771 2914 908 2996 ignoratis
929 2955 942 2984 ,

256 3005 357 3049 cetera
376 2990 423 3048 illa
439 2992 590 3071 magnifica
606 2992 711 3073 populi
730 2993 859 3053 Romani
872 3011 940 3050 vee-

257 3068 377 3149 tigalia‚
396 3069 508 3149 perlevi
524 3071 598 3151 saepe
617 3090 773 3133 momento
793 3072 940 3142 fortunae,

253 3149 441 3212 inclinatione
456 3152 596 3232 temporis
615 3151 766 3232 pendere?
784 3149 868 3232 Quid
884 3169 941 3211 noe
