2617 4209
458 662 511 738 ‚2
686 640 925 711 Onurt'o
1020 640 1044 655 ·“

460 790 464 798 ·
499 755 549 836 83.
570 752 612 814 At
626 753 706 816 enim
723 754 855 816 Staienus
871 774 933 815 non
946 750 1002 814 fuit
1017 749 1063 829 ab,
1074 748 1114 835 01

456 839 595 919 pinnico,
614 834 664 896 sed
680 858 697 896 a
714 835 853 897 Cluentio
865 835 904 896 ad
922 831 1060 914 judicium
1078 853 1114 894 co

457 916 654 999 rumpendum
673 915 852 977 constitutus.
871 913 934 977 Cur
951 935 1019 976 eutn
1031 933 1114 1057 ,ἃ

457 1000 488 1059 iu
512 997 663 1058 consilium
683 999 791 1072 iretur,
805 995 976 1069 Cluentius,
994 996 1027 1056 δι

457 1079 515 1143 tiur
532 1076 626 1138 abeffe
642 1079 846 1158 patiebantur?
857 1099 909 1138 cur
927 1096 1017 1168 quum
1027 1077 1058 1135 in
1072 1097 1114 1137 co:

456 1158 551 1222 silium
572 1159 744 1233 mittebant,
765 1157 916 1221 Stalenum
933 1157 1114 1237 judicem,e

455 1242 609 1322 pecuniam
637 1239 812 1314 dederant,
839 1260 901 1300 non
922 1236 1112 1320 requirebant

455 1319 639 1404 Oppianicus
647 1318 818 1402 quaerebat?
829 1318 966 1400 Quintius
974 1317 1114 1400 flagitabo

454 1400 525 1468 Siue
543 1401 663 1467 Staleno
681 1421 719 1462 ne
739 1405 769 1463 in
791 1400 1075 1471 communiretur,
1094 1414 1114 1459 tt

452 1483 565 1545 bunitii
582 1480 728 1564 potestate
747 1479 909 1562 perfeetum
931 1477 984 1543 est.
1005 1477 1050 1540 At
1068 1500 1114 1541 cor

455 1563 616 1625 demnavit.
640 1563 727 1623 Hanc
744 1562 823 1623 enirn
850 1562 1070 1623 damnationem
1089 1559 1114 1621 di

454 1645 539 1704 derat
556 1643 690 1703 obsidem
706 1640 852 1703 Bulbo&
870 1644 1001 1717 ceteris,.
1012 1638 1114 1703 utdess

355 1770 357 1774 .
455 1740 535 1784 tutus
557 1724 594 1783 ab
618 1722 788 1804 Oppianico
811 1723 970 1787 videretur.
991 1720 1097 1862 (Rure

455 1803 536 1876 issinc
549 1803 630 1866 causa
644 1804 850 1886 corrumpendi
865 1801 982 1878 'udieii,
998 1803 1009 1865 i
1033 1805 1080 1863 'nc
1092 1824 1114 1886 p

456 1888 562 1960 cunia,
581 1883 662 1946 istinc
674 1884 807 1947 Stalenus
820 1931 830 1959 ‚
841 1825 923 1952 iiiinc
941 1884 1068 1965 denique
1078 1904 1114 1945 ou

457 1969 501 2028 nis
516 1965 592 2030 fraus
611 1967 778 2030 &audacia
794 1965 835 2031 est
848 1987 855 2026 t
869 1966 936 2032 hinc
953 1963 1072 2046 pudor,
1091 1964 1114 2025 lu

456 2049 536 2109 nesta
546 2049 624 2121 vita,
643 2047 674 2108 &
688 2047 767 2112 nulla
776 2045 894 2127 suspicio
905 2047 1054 2128 pecuniae,
1065 2044 1114 2107 nul

456 2128 665 2209 corrumpendi
684 2124 783 2208 judicii
798 2125 879 2194 causa
896 2146 903 2186 :
921 2128 1053 2207 patimini
1061 2160 1079 2201 ‚-
1088 2148 1114 2192 v<

454 2211 538 2275 ritate
556 2207 723 2290 patefaeiti,
744 2225 773 2275 at
816 2229 832 2271 e
853 2209 935 2276 omni
955 2227 1056 2269 errore
1078 2205 1114 2275 sui

454 2291 540 2363 lato,
557 2291 595 2349 eb
624 2291 745 2354 transire
764 2290 784 2349 il
796 2293 838 2350 ius
866 2288 1050 2370 turpitudinis
1067 2287 1114 2355 ini

454 2371 566 2438 uriam,
585 2369 635 2429 ubi
648 2386 744 2431 cetera
761 2367 902 2435 maleficia
917 2367 1072 2434 consistant
1084 2390 1096 2443 3
1108 2393 1114 2432 t

455 2470 494 2511 eo
506 2448 645 2515 invidiam
660 2447 806 2517 discedere
816 2449 992 2530 aliquando,
1006 2449 1114 2533 adque

453 2551 523 2595 nurn
542 2545 613 2589 ‘uam
632 2527 779 2595 accessisse
795 2529 911 2612 eulpam
922 2531 1039 2599 videtis.

496 2610 525 2670 X
567 2609 626 2675 XI.
647 2608 689 2670 At
699 2612 777 2670 enim
792 2612 945 2692 pecuniiun
956 2610 1078 2678 Staieno
1092 2613 1114 2674 d

454 2689 496 2759 dit
518 2689 721 2775 Oppianicus,
744 2713 805 2752 non
830 2692 867 2752 ad
894 2694 1112 2774 corrumpendo

455 2769 620 2844 'udicium,
638 2768 689 2832 sed
712 2770 749 2832 ad
770 2772 1005 2835 conciliationem
1052 2777 1114 2843 tatii

486 2870 541 2914 ene
558 2851 637 2923 hoc,
656 2849 740 2927 Atti,
759 2853 876 2928 dicere,
896 2854 947 2917 tali
966 2792 1114 2935 pruriendi

455 2931 543 2993 etiam
561 2931 610 2999 usu
628 2948 715 3013 atque
729 2936 937 3006 exercitatione
962 2933 1114 3016 praeditutn

453 3010 702 3092 sapientissimum
714 3011 770 3075 effe
784 3015 881 3084 dicunt
892 3034 959 3087 eurn
971 3059 982 3088 ‚
999 3017 1047 3076 cui
1059 3037 1114 3098 quc

451 3104 530 3172 opus
546 3097 603 3169 sit,
623 3095 679 3178 ipsi
699 3097 797 3166 veniat
815 3098 845 3156 in
865 3111 993 3167 mentem
1011 3117 1020 3157 t
1040 3117 1114 3178 pror

452 3173 508 3248 ωδ
521 3176 661 3267 accedere
676 3174 774 3252 illurn,
796 3176 848 3258 qui
861 3175 977 3248 alterius
995 3175 1073 3250 hene
1089 3180 1114 3251 ,it

263 3236 400 3357 ,Α
459 3338 463 3344 .
