2617 4209
400 391 471 442 120
617 370 851 437 Ounrro

399 519 403 526 ·
438 485 505 566 196.
528 482 599 544 Non
616 483 656 543 illi
682 506 738 543 vos
760 483 797 543 de
817 483 903 540 unius
930 481 1081 561 municipis

392 565 523 627 fortunis.
533 564 723 638 arbitrantur,
742 562 791 624 sed
813 561 851 622 de
868 563 978 622 totius¹
997 564 1082 622 muni·
1102 599 1108 612 ι

392 648 419 706 ci
441 649 459 705 'i
478 645 550 705 statu
561 644 750 726 ,-dignitate,
768 640 1003 723 commodisque
1025 664 1082 704 om·

394 668 478 785 υἰῗιις
495 725 649 785 sementias
667 721 723 785 effe
745 722 852 783 laturos
872 743 882 781 t
907 720 1030 782 summa
1050 720 1082 783 eli

393 809 472 866 enim
491 850 500 878 ‚
518 804 663 874 ludices,
688 805 813 864 hominis
838 804 869 861 in
892 823 1080 865 communem

393 886 543 965 municipii
563 905 625 947 rem
642 883 808 967 diligentia,
821 884 852 942 in
866 883 1010 965 singulos
1026 905 1081 944 mu·

393 967 501 1046 nicipes
517 966 698 1046 benignitas,
713 968 743 1023 in
757 983 860 1024 omnes
875 963 1024 1025 homines
1038 962 1080 1044 jus·
1100 967 1103 974 '

392 1046 482 1118 titia,
502 1046 535 1105 &
552 1044 650 1105 fides:
671 1061 811 1126 praeterea
835 1044 1033 1106 nobilitatem
1053 1045 1078 1103 il-

394 1125 453 1186 lam
481 1129 555 1185 inter
578 1124 644 1185 suos
665 1169 674 1197 ,
699 1127 855 1203 locumque
880 1145 899 1182 a
925 1126 1078 1201 maioribus

394 1207 530 1265 traditum
548 1208 587 1265 sic
603 1222 698 1265 tuetur
714 1251 724 1281 ,
741 1221 771 1264 ut
785 1202 939 1283 maiorum
957 1210 1078 1288 gravita-

394 1302 474 1358 tem,
494 1284 702 1360 constantiam,
721 1287 860 1367 gratiam,
878 1284 1077 1346 liberalitatem

394 1364 563 1445 affequatur.
585 1365 685 1445 ltaque
704 1366 738 1423 iis
756 1385 825 1425 eum
845 1364 951 1424 verbis
976 1367 1077 1447 publici

393 1445 528 1518 laudant,
544 1460 645 1503 utnon
662 1443 754 1503 solum
768 1443 977 1505 testimonium
993 1448 1075 1518 suun,

393 1522 590 1605 judiciumque
607 1521 788 1606 significent,
802 1526 911 1585 verbm
928 1523 1077 1604 etiamen

395 1625 458 1664 ram
472 1608 580 1678 animi,
596 1626 630 1664 ac
647 1604 798 1666 dolorem:
816 1626 880 1685 quae
897 1604 978 1666 dum
992 1608 1076 1670 lauda·

395 1687 438 1745 tio
458 1687 613 1757 recitatur,
630 1707 687 1747 vos
704 1685 823 1767 quaeso,
840 1687 891 1765 qui
910 1706 985 1747 eam
1006 1691 1076 1752 den·

395 1764 490 1840 listis,
513 1765 656 1847 affurgite.
685 1764 869 1826 Leonnato
890 1763 1074 1842 civemn,

396 1867 433 1906 ex
447 1849 620 1906 decurionum
639 1848 811 1906 Larinatium
824 1848 947 1908 decreto.

401 1957 405 1966 ·
442 1944 509 2005 197.
536 1925 581 1985 Ex
608 1927 745 2005 lacrymis
770 1928 903 1999 horum,
933 1928 1074 1999 Iudice,

398 2007 557 2068 existimate
574 2006 718 2087 potestis,
740 2026 843 2066 omnes
860 2004 924 2066 haec
945 2010 1074 2072 decurio-

396 2105 449 2144 nes
476 2086 632 2146 decreviss'e
654 2087 857 2167 lacrymantes.
883 2084 960 2169 Age
985 2092 1074 2160 verb,

393 2166 558 2228 vicinorum
573 2182 712 2246 quantum
728 2165 850 2225 studium
859 2209 871 2236 ,
890 2169 990 2248 quiam
997 2174 1074 2232 incre·

396 2243 491 2304 dibilis
518 2244 754 2316 benevolentia,
780 2262 888 2324 quanta
916 2270 993 2314 cura
1017 2246 1073 2313 est?

394 2345 458 2384 non
485 2320 524 2383 illi
550 2326 580 2384 in
604 2325 707 2385 libellis
734 2325 935 2388 laudationum
967 2333 1073 2394 decreta

394 2404 563 2477 miserunt,
590 2402 640 2465 sed
670 2406 803 2467 homines
830 2406 1072 2483 honestissimos,

394 2504 469 2564 quos
496 2483 639 2544 nossemus
666 2506 800 2561 omnes,
827 2487 884 2545 huc
912 2489 1094 2577 frequentes·

395 2562 512 2639 adeffe,
531 2566 564 2625 &
579 2566 654 2625 hunc
671 2566 824 2646 praesentes
841 2568 967 2634 laudare
984 2575 1093 2638 volun,

315 2683 334 2705 .·
394 2661 472 2703 runt.
498 2644 611 2704 Adsunt
628 2645 782 2719 Frentani,
800 2647 936 2709 homines
959 2656 1074 2716 nobilis·
1089 2641 1094 2700 l

396 2725 480 2797 simi,
498 2724 655 2785 Marrucini
672 2728 742 2796 item
755 2730 817 2807 pari
833 2728 1000 2810 dignitate:
1014 2735 1074 2798 Teo

357 2816 366 2824 ²
395 2826 437 2866 no
456 2803 577 2886 Apulo,
592 2822 680 2888 atque
697 2807 817 2867 Lucerid
834 2813 951 2890 equites
972 2815 1074 2878 Rorna-

396 2907 451 2963 nos
469 2931 479 2962 ,
498 2884 712 2951 honestissimos
726 2887 889 2967 homines,
913 2894 1075 2958 laudatore

957 2978 1074 3041 videtis:
