2617 4209
272 2046 274 2049 ⁴
378 2065 483 2126 neque
500 2046 627 2128 privatus
643 2063 713 2102 accu

372 797 427 899 56
483 815 506 856 s
571 733 977 868 -OnrrroX„3

373 931 464 1059 {nam
483 908 672 997 questionem
684 909 699 974 i
711 907 818 971 Vultus
842 904 931 970 enim
953 901 1067 977 vestri}

414 996 514 1068 dices,
530 1012 578 1054 me
597 994 743 1065 invitant,
764 1003 815 1063 ut,
832 1009 904 1073 qnae
920 993 1066 1055 reticenda
1088 987 1095 1056 ζ,

375 1093 531 1161 putaram,
554 1074 641 1135 libeat
660 1070 720 1154 jam
739 1065 830 1133 liberi
854 1070 982 1134 dicere«-

375 1175 468 1298 -fflpoi
490 1155 574 1237 Quid
598 1154 609 1214 ?
632 1154 680 1215 ilia
699 1152 818 1213 tandem
841 1150 970 1234 questio
991 1199 1003 1230 ,
1028 1169 1068 1216 nn

400 1262 408 1298 1

421 1239 576 1319 ceptatio,
602 1250 650 1296 aut
667 1232 807 1314 judicium
828 1230 887 1294 fnit
919 1238 933 1288 i
1006 1236 1092 1297 tebo=

377 1313 486 1379 foiffe:
510 1317 609 1390 dicat,
626 1317 677 1399 qui
693 1314 758 1376 vult
775 1313 869 1376 hodie
886 1312 960 1373 de·
985 1337 1007 1378 o
1021 1337 1069 1398 po·

376 1400 451 1482 pulo
468 1398 636 1471 concitato,
654 1397 701 1457 cui
720 1412 783 1455 turn
803 1415 873 1456 mos
890 1393 998 1476 gestus
1016 1395 1068 1471 eii,

377 1479 491 1562 quade
510 1496 542 1540 re
563 1477 663 1539 Junius
683 1474 795 1538 causam
814 1475 953 1536 dixerit:
973 1498 1070 1562 quem·

377 1579 504 1643 tumque
526 1561 656 1642 rogaris,
676 1558 735 1617 hoc
754 1554 804 1617 res
819 1555 954 1618 ondebit
964 1599 977 1633 ‚
1000 1557 1070 1642 qnid

377 1644 534 1726 pecuniam
547 1641 711 1779 accefierim
724 1639 783 1719 quo
814 1639 1017 1701 innocentem
1026 1643 1071 1700 cir·

379 1724 574 1784 cumvenerit.
589 1718 614 1779 E
655 1720 717 1779 haec
734 1720 847 1800 opinio.
861 1716 908 1778 At
917 1762 940 1792 ‚,
952 1723 978 1781 si
992 1718 1073 1782 itan

380 1802 444 1875 set3
460 1803 514 1862 hac
527 1800 593 1883 lege
604 1800 767 1860 accusatum
782 1797 839 1859 effe
850 1805 1015 1880 oportuit,
1027 1799 1073 1884 qui

379 1880 530 1944 accusatur
549 1881 666 1943 Avitus.
687 1881 728 1939 At
744 1878 804 1961 ipse
824 1880 860 1940 ee
878 1882 955 1963 lege
971 1903 1073 1965 qnaere·

382 1963 447 2025 bat.
467 1961 579 2023 Paucos
596 1962 657 2023 dies
670 1958 855 2101 exsfeiiaffer
867 1960 1031 2041 Quintius.
1039 1964 1073 2024 At

725 2062 795 2114 are,
812 2061 889 2116 nec,
905 2041 1013 2106 sedata
1025 2044 1074 2125 jan

380 2126 496 2187 invidii
507 2170 517 2201 ‚
527 2124 659 2185 volebat.
669 2122 783 2185 Videtis
794 2124 881 2204 igitur
890 2143 960 2184 non
973 2127 1006 2185 in
1019 2145 1075 2187 cau·

380 2206 434 2281 sa,
453 2206 504 2268 sed
519 2209 693 2287 intempore
709 2225 743 2263 ac
757 2201 905 2285 potestate
919 2204 1009 2288 spem
1021 2228 1075 2270 om·

380 2308 459 2351 nem
477 2287 646 2349 accusatoris
667 2283 756 2345 fuiffe.
907 2330 912 2336 -

386 2368 628 2531 iiiiii
646 2367 763 2527 nii
781 2364 948 2509 tie}
966 2351 1092 2513 iri*

386 2550 528 2611 nmquam
540 2528 632 2587 fraudi
648 2529 721 2587 fuit:
736 2528 766 2588 &
782 2549 819 2608 qu
842 2527 862 2586 d
881 2525 923 2589 C.
933 2571 936 2576 -
946 2529 1089 2604 Verres„

388 2628 498 2693 praeror
516 2610 673 2679 urbanus,
700 2606 792 2667 homo
818 2606 932 2671 santius
957 2613 993 2673 &
1019 2613 1076 2673 dili

382 2710 484 2775 gens,
509 2687 740 2750 subsortitionem
764 2686 827 2766 ejus
849 2692 879 2748 in
908 2711 952 2753 eo
981 2693 1075 2755 codice

388 2793 453 2832 non
468 2771 611 2845 haberet,
630 2770 680 2850 qui
696 2786 758 2829 turn
777 2770 923 2831 interlitus
942 2775 1093 2856 profete,

388 2852 483 2914 batur.
506 2852 559 2912 His
584 2851 622 2911 de
644 2853 735 2911 causis
756 2848 795 2912 C.
813 2849 913 2911 lunius
935 2857 1092 2924 condem-1

390 2950 476 2993 natus
492 2930 554 3003 est,
573 2930 713 3004 Iudices,
729 2931 930 2992 levissimis&
948 2936 1077 2998 infirmis·

382 3015 470 3075 ‘rimis
488 3034 498 3087 ;
513 3034 583 3095 quas
607 3014 730 3073 omnino
759 3014 789 3072 in
815 3010 961 3091 judicium
991 3018 1078 3080 afferri

385 3115 454 3182 3non
479 3096 610 3176 oportuit
628 3095 752 3175 :itaque
778 3091 930 3176 oppreffus
958 3097 1004 3160 est
1027 3117 1093 3162 non!

383 3175 499 3249 musa,
518 3174 567 3237 sed
586 3192 732 3254 tempore.

384 3288 389 3296 ·
434 3255 600 3318 XXXIV.
614 3254 682 3314 Hoc
701 3276 757 3315 vos
775 3253 915 3317 Cluentio
941 3256 1079 3340 judicium

391 3343 498 3424 putatis
517 3335 615 3405 obesse
634 3341 801 3420 oportere?
822 3336 925 3421 Quam
952 3344 995 3406 ob
1020 3363 1080 3412 cau·⁴
