2617 4209
418 359 474 425 Iu
501 353 539 423 ἱ.
568 356 876 428 Carnium.
918 374 991 451 305³

311 470 465 552 imperium
483 472 688 547 retinendum,
713 473 746 533 &
765 471 802 530 ad
824 490 996 533 communes

311 552 443 611 fortunas
462 551 672 612 conservandas
691 554 866 613 voluntate:
891 568 996 612 omnes

311 631 412 692 adsunt
437 635 567 692 omnium
590 632 726 692 ordinum
745 633 908 702 homines,
933 651 997 691 om⁴

310 714 392 771 nium
415 712 540 792 denique
569 728 711 771 aetatum:
741 712 860 792 plenum
884 709 924 770 est
948 711 998 770 foa

310 813 375 852 rum
395 836 406 866 ‚
427 791 513 871 plena
535 792 647 873 templa
671 794 745 851 circa
768 791 891 864 forum,
937 790 997 851 leni

311 891 416 933 omnes
433 870 526 932 aditus
541 869 625 951 hujus
640 872 699 931 loci
714 892 747 931 ac
764 872 876 952 templi.
902 812 997 931 gausa

310 955 392 1013 enirn
413 950 454 1013 est
479 950 544 1033 post
570 952 673 1012 urbem
696 951 842 1020 conditam
868 950 928 1010 haec
950 953 996 1009 ina

309 1050 402 1092 venta
417 1030 498 1105 sola,
514 1035 543 1092 in
561 1052 618 1113 qua
635 1051 738 1092 omnes
753 1031 889 1091 sentirent
905 1050 996 1090 unum

309 1129 340 1172 at
415 1112 523 1181 idem,
545 1129 650 1191 praeter
666 1131 718 1171 eos
734 1155 744 1184 ,
761 1114 811 1192 qui
829 1130 918 1191 quum
938 1111 993 1171 sibi

254 1225 259 1234 ·
293 1195 341 1266 ¹vi
363 1209 446 1252 erent
465 1190 522 1251 effe
542 1190 748 1271 pereundum,
767 1210 834 1250 curn
859 1188 994 1251 omnibus

308 1274 428 1353 potius,
447 1272 534 1351 quim
550 1270 602 1332 soli
621 1273 715 1353 perire
730 1271 896 1331 voluerunt.

357 1370 403 1432 ¹5·
426 1351 524 1413 Hosce
547 1372 604 1435 ego
633 1352 768 1412 homines
793 1353 936 1431 excipio,
965 1349 998 1409 δι

308 1429 430 1492 secerno
449 1432 596 1493 libenter:
623 1452 720 1515 neque
739 1434 864 1492 enimin
883 1433 995 1510 impro⁴

308 1512 418 1571 borum
442 1514 580 1586 civium,
609 1512 660 1572 sed
685 1515 715 1572 in
743 1512 996 1574 acerbissimorum

308 1590 436 1651 hostium
460 1611 582 1651 numero
602 1592 755 1651 habendos
780 1610 863 1672 puto.
895 1589 997 1653 Ceteri
1050 1588 1053 1593 ’

309 1672 415 1742 verb,
440 1668 479 1727 dii
498 1670 701 1729 immortales!
727 1672 783 1749 qud
807 1671 997 1752 frequentia,

334 1771 373 1810 uo
395 1749 519 1819 studio,
543 1750 600 1830 qud
619 1750 726 1809 virtute
749 1749 786 1807 ad
810 1771 997 1811 communem

311 1772 483 1913 dignitatem
499 1828 676 1910 salutemque
694 1828 894 1889 consentiunt?
913 1830 996 1908 Quid

312 1932 372 1993 ego
391 1911 437 1969 hic
456 1913 566 1990 equites
578 1909 730 1969 Romanos
743 1909 995 1969 commemorem?

312 1993 364 2071 qui
384 1992 467 2052 vobis
484 1994 524 2049 ita
541 1990 680 2049 summam
699 1988 808 2065 ordinis
829 1989 997 2069 consiliique

313 2070 500 2143 concedunt,
518 2088 549 2129 ut
564 2068 714 2129 vobiscum
729 2068 765 2127 de
783 2089 883 2129 amore
900 2069 999 2147 reipu-

312 2150 395 2209 blicae
415 2165 526 2210 certent
545 2171 555 2223 ;
575 2170 649 2231 quos
667 2169 702 2209 ex
720 2148 880 2209 multorum
904 2168 999 2208 anno-

313 2252 379 2290 rum
401 2228 572 2291 diffensione
592 2230 628 2290 ad
646 2228 730 2309 hujus
749 2229 856 2289 ordinis
874 2227 999 2289 societa-

312 2327 374 2371 tem
391 2311 634 2393 concordiamque
649 2327 826 2381 revocatos,
837 2310 995 2369 hodiernus

313 2392 375 2452 dies
394 2392 544 2452 vobiscum
562 2438 572 2466 ,
590 2410 618 2451 at
641 2412 676 2452 ue
695 2392 757 2451 haec
776 2388 857 2449 causa
874 2386 1015 2468 conjuu·¹
1074 2467 1077 2472 .

313 2475 380 2554 git:
402 2494 487 2552 quam
507 2414 743 2552 conjunaionem
759 2473 783 2529 si
799 2472 829 2530 in
852 2467 1000 2546 consulatu
1029 2539 1033 2550 Ι

293 2623 295 2628 Ι
314 2551 514 2612 confirmatam
531 2575 622 2625 meo,
642 2570 813 2632 perpetuam
829 2553 858 2611 in
875 2547 1028 2632 republir'

314 2653 350 2689 ca
366 2636 541 2693 tenuerimus
557 2656 566 2706 3
584 2632 728 2694 confirmo
752 2633 837 2692 vobis
858 2675 868 2704 ‚
887 2630 1001 2690 nullum

315 2708 434 2791 posthac
457 2714 564 2772 malum
588 2715 672 2775 civile
694 2735 726 2773 ac
750 2708 940 2772 domesticum
973 2707 976 2716 '

314 2789 404 2851 ullam
426 2792 591 2869 reipublicae
614 2812 727 2873 partem
747 2790 802 2853 effe
827 2805 899 2855 vent
953 2781 962 2798 ²
993 2791 996 2796 ’
