2617 4209
378 456 453 532 174
557 434 779 504 Orrmo
816 427 925 500 IL·

396 546 524 612 taetetit?
543 546 644 630 posse,
701 541 894 625 'bustumque
916 541 999 606 locis
1020 563 1070 608 ve·

373 575 429 695 int
445 676 455 706 ,
473 629 550 690 nulld
568 628 799 709 disceptatione,
815 625 903 686 nullo
924 627 1069 701 consilio,

375 711 488 797 privata
487 710 649 851 Epublicare
660 753 670 783 ,
686 707 803 796 pubiica
814 704 978 768 liberare?

421 811 468 875 57.
513 792 635 872 ncipitur
649 789 707 848 hoc
724 788 819 868 capite
838 806 916 870 ager
933 789 970 848 in
983 783 1068 849 sictut

374 871 603 934 Recentoricus:
620 889 708 951 quem
725 887 783 951 ego
800 871 925 949 excipi,
943 869 980 928 δι
991 889 1068 950 prop·

375 969 421 1015 ter
437 953 589 1012 hominum
607 949 877 1023 necessitudinem,
897 949 935 1010 &
955 967 1066 1031 propter

375 1035 542 1116 nequitatem
561 1075 571 1105 ‚
595 1031 725 1111 Quirites
739 1043 757 1103 ‚'
771 1025 851 1109 saepe
875 1028 1066 1092 vehementer

378 1113 505 1197 gaudeo.
529 1110 587 1172 Sed
611 1129 673 1192 quae
695 1109 756 1168 haec
776 1108 1010 1190 impudentia?
1045 1109 1064 1167 ri

377 1215 478 1279 agrum
498 1191 724 1253 Recentoricum
742 1188 928 1271 possident,
950 1129 1065 1252 vetuit·

377 1291 409 1336 te
432 1272 614 1357 poffessionis
634 1270 690 1342 se,
711 1291 771 1329 non
788 1266 880 1349 jure3
904 1270 1064 1332 misericor·

377 1356 426 1416 dit
445 1352 559 1414 senatuis
576 1397 587 1426 ,
604 1371 666 1411 non
683 1352 743 1433 agri
763 1349 948 1414 conditione
974 1351 1064 1413 defet-

377 1435 468 1496 dunt:
489 1453 557 1493 nant
571 1431 652 1491 iilum
668 1451 768 1514 agrum
782 1430 945 1511 publicum
962 1429 1064 1496 essese·

376 1531 492 1577 centur:
510 1512 541 1574 se
557 1513 673 1573 moveri
687 1509 947 1592 possessionibus,
967 1513 1064 1576 amicit·

375 1598 458 1657 ¹simis
478 1593 621 1667 sedibus,
647 1612 681 1652 ac
704 1592 758 1650 diis
778 1593 946 1672 penatibus
971 1607 1063 1678 negem

378 1693 529 1758 oportere.
547 1672 608 1745 At,
624 1676 647 1731 si
664 1670 705 1732 est
721 1673 951 1758 privatusager
968 1673 1063 1736 ttecer

377 1760 508 1831 coricus,
522 1753 591 1837 quid
609 1751 824 1832 eum'excipis?
841 1755 887 1815 sin
905 1773 1063 1836 auternpu·

378 1838 499 1909 blicus3
524 1857 587 1918 quae
609 1832 650 1894 est
671 1831 720 1892 ista
745 1835 866 1914 aequitas
888 1879 898 1908 ‚
929 1855 1064 1908 ceteros,

379 1922 468 1979 etiam
491 1920 514 1976 si
531 1918 635 1997 privati
655 1916 738 1985 sint,
761 1917 946 1995 permittere
968 1935 1003 1978 ut
1021 1934 1063 1998 pu·

307 2029 311 2040 ,
379 1999 448 2060 blici
468 1997 630 2078 judicentur
648 2015 659 2067 ;
676 1994 752 2053 hunc
775 1997 919 2076 excipere
939 2001 1063 2059 nomint·

378 2084 462 2151 tim,
486 2079 535 2158 qui
561 2077 691 2157 publicus
716 2073 773 2136 effe
802 2074 940 2138 fateatur
963 2079 977 2140 i
999 2077 1063 2159 Ergo

380 2180 482 2221 eorum
503 2178 570 2239 ager
592 2158 733 2235 excipitur
751 2202 761 2229 ,
781 2158 829 2236 qui
847 2159 935 2238 apud
958 2159 1063 2220 Ruiiun

380 2242 436 2308 atie
459 2240 570 2299 ratione
587 2239 766 2296 valuerunt:
794 2241 888 2297 ceteri
916 2262 935 2299 a
960 2243 985 2300 ri
1010 2258 1063 2298 om·

380 2342 454 2395 nes,
473 2321 521 2402 qui
538 2319 644 2399 ubique
661 2316 744 2390 sunt,
766 2319 827 2377 sine
845 2318 912 2379 ullo
937 2260 1063 2390 {eledm

379 2406 441 2462 sine
463 2400 565 2481 populi
584 2399 711 2460 Romani
732 2400 856 2459 notione
877 2447 887 2474 ‚
914 2403 984 2463 sine
1001 2398 1064 2482 judi·
1085 2437 1091 2464 ι

380 2484 427 2541 cio
444 2480 575 2550 senatris,
591 2480 762 2540 decemviris
780 2479 978 2544 addicentur.

422 2560 536 2622 xxti.
559 2561 659 2642 Atque
676 2563 762 2620 etiarn
782 2558 826 2624 est
839 2561 922 2637 alia,
943 2562 1065 2645 superio·

380 2663 413 2705 re
435 2644 550 2722 capite,
564 2661 623 2722 quo
641 2644 739 2700 omnia
755 2661 909 2715 veneunt,
932 2641 1067 2727 quaestuo-

380 2724 409 2786 sa
433 2743 504 2784 exce
527 2722 570 2781 tio
592 2766 602 2794 ,
623 2743 686 2802 quae
711 2738 789 2802 teget
814 2743 868 2783 eos
892 2745 1016 2808 agros,
1039 2721 1067 2781 de

382 2807 484 2889 'quibus
546 2801 614 2862 dere
630 2822 745 2861 cautum
760 2799 810 2862 est.
830 2803 990 2880 Audiuit,
1004 2806 1066 2865 hauc
1088 2777 1094 2836 Ι

381 2909 444 2947 tem
464 2906 523 2947 non
543 2907 560 2944 a
580 2903 650 2954 me,
668 2882 717 2942 sed
736 2883 772 2941 ab
794 2884 855 2944 aliis
875 2889 987 2969 agitati
1003 2885 1067 2966 saepe
1090 2933 1093 2940 .

380 2969 411 3026 in
432 2968 559 3043 senatu,
583 2984 804 3045 nonnumquam
825 2985 864 3028 ex
888 2969 955 3033 hoc
981 2970 1067 3038 loco,
