2617 4209
361 458 458 536 Pno
484 461 532 536 A.
560 456 838 538 Cantatum·
893 472 947 564 43

264 577 490 664 &cogitatione
503 579 630 653 versari,
643 575 714 639 nihil
726 574 784 644 else
797 578 851 640 suis
861 581 949 642 tatio·

262 662 347 723 nibus
362 660 579 743 utilius,qulm
594 659 791 742 Oppianicum
807 660 951 743 condoma

261 744 347 803 nati:
368 743 420 804 illo
442 742 574 803 absoluto
592 785 604 813 ,
622 743 775 823 pecuniam
797 741 876 802 illam
898 756 952 803 aut

259 818 404 904 judicibus
421 821 662 907 dispertiendam,
675 838 724 881 aut
734 823 797 904 ipsi
813 820 870 884 elle
882 821 951 883 tetl-

261 903 410 965 dendam:
430 905 593 978 damnato,
608 903 800 984 repetiturum
818 901 876 964 ell'e
893 921 949 964 ne-

259 986 380 1046 minem.
401 982 504 1068 ltaque
520 1004 583 1044 tem
599 985 748 1066 excogitat
762 983 949 1067 singularem.

259 1064 361 1148 Atque
380 1066 442 1126 haec
458 1109 468 1140 ,
486 1062 628 1137 ludices,
646 1084 712 1146 quae
725 1065 796 1125 vete
815 1065 949 1126 dicuntur

260 1167 278 1206 a
296 1147 383 1207 nobis
400 1189 410 1219 ,
427 1146 538 1206 facilius
553 1144 699 1217 credetis,
716 1146 823 1205 sicum
844 1147 948 1206 animia

259 1223 362 1287 vestris
378 1225 472 1309 longo
489 1224 643 1287 intervallo
662 1224 808 1285 recordati
828 1223 866 1287 C.
882 1224 949 1286 Sta·

260 1306 321 1368 leni
340 1304 459 1382 vitatu,
479 1305 513 1366 δι
530 1321 664 1366 naturam
684 1303 858 1366 volueritis:
879 1325 949 1368 nam
1082 1319 1090 1328 ‘

301 1385 384 1447 tande
408 1404 441 1448 ut
458 1385 560 1468 opinio
580 1383 623 1448 est
640 1385 678 1446 de
699 1381 835 1468 cujusque
858 1388 951 1447 moti·

259 1406 336 1542 Ka,
361 1467 427 1542 ita,
450 1465 519 1549 quid
540 1464 577 1526 'ab
600 1485 638 1528 eo
664 1464 802 1543 faliunt,
829 1465 862 1529 &
883 1485 947 1532 nott

260 1546 368 1609 tanum
381 1549 436 1622 sit,
452 1545 606 1611 existimati
621 1544 729 1628 potest.
802 1584 821 1601 .-

301 1626 438 1689 xxvl.
457 1627 561 1708 Quum
577 1624 647 1689 effet
666 1648 777 1710 egens,
794 1625 948 1709 sumptuo·

260 1705 326 1782 t'us,
339 1707 453 1782 audax,
468 1706 802 1789 callidus‚petfidiosus,
814 1709 846 1768 &
857 1728 949 1792 quum

261 1787 344 1848 domi
357 1786 412 1849 suae
421 1787 617 1860 ,miserrimus
630 1789 663 1848 &
675 1790 870 1863 inanissimus,
882 1806 949 1852 tan·

260 1886 332 1947 tutu¹
340 1890 529 1930 nummatum
540 1872 670 1951 positum
681 1866 796 1932 videret
807 1890 816 1944 ;
830 1868 867 1929 ad
884 1889 960 1931 orn·-

259 1971 331 2011 nem
349 1951 489 2011 malitiam
501 1949 678 2012 &fraudem
691 1949 805 2011 versate
815 1965 952 2014 mentem
1087 1945 1091 1950 ¹

260 2029 341 2092 suam
358 2033 469 2112 coepitz
487 2030 609 2091 Demne
624 2028 791 2109 judicibus?
803 2028 881 2088 mihi·
891 2031 951 2110 igi-

261 2125 308 2170 tut
326 2113 403 2192 ipsi,
421 2125 525 2191 ptaetet
540 2109 701 2193 periculum
721 2110 753 2171 δι
771 2107 918 2171 infamiam
936 2155 951 2186 ,

260 2190 332 2274 quid
359 2189 534 2273 quaretur?
555 2191 624 2252 nihil
654 2192 821 2274 excogitem
842 2200 949 2274 quant-³

260 2274 367 2334 obtem
384 2271 552 2354 Oppianico
561 2272 691 2332 damnati
704 2270 819 2334 necell‘e
829 2274 865 2332 sit
875 2271 886 2332 ἓ
898 2269 950 2352 qut

260 2353 411 2416 tandem?
433 2353 502 2414 nihil
520 2357 597 2415 enim
615 2351 681 2428 est,
723 2353 782 2414 uod
801 2350 863 2412 fieti
883 2374 946 2431 non

260 2437 364 2518 possit.
382 2432 413 2494 Si
425 2437 488 2516 quis
503 2454 570 2494 eum
582 2433 658 2494 forte
673 2374 750 2492 calus
767 2453 804 2493 ex
815 2432 948 2512 periculo

262 2516 420 2596 eripuerit,
438 2535 538 2576 nonne
556 2513 738 2574 reddendum
756 2511 819 2574 est?
839 2515 949 2594 praeci-

262 2597 404 2676 pitantem
426 2596 512 2678 igitur
532 2595 714 2676 impellamus
733 2638 743 2670 ‚
762 2595 884 2678 inquit,
910 2594 945 2659 δε

264 2673 410 2756 perditum
427 2677 650 2756 prosternamus.

305 2771 356 2825 71.
375 2752 463 2835 Capit
482 2756 538 2816 ltoc
554 2757 726 2830 consilium,
740 2770 773 2816 ut
790 2753 948 2837 pecuniam

263 2831 433 2915 quibusdam
459 2834 600 2913 judicibus
626 2838 778 2898 levissimis
800 2835 952 2917 pollicea-

262 2931 310 2974 tur
329 2934 336 2972 :
361 2912 467 2974 deinde
485 2936 550 2976 eam
567 2916 668 2998 postea
688 2915 738 2996 sup
760 2918 864 2976 fimat:
886 2929 950 2988 ut,

262 2995 403 3079 quoniam
427 3015 531 3078 graves
551 2997 683 3061 homiues
706 2938 760 3057 sul
774 2995 880 3076 sponte
899 2990 951 3056 se·
