2617 4209
448 538 552 608 Pao
577 537 614 606 L.
639 539 844 609 Flacco.
921 543 993 634 48'1

309 649 497 715 rus·a·Fufiis
525 672 594 712 cum
618 652 719 715 litteris
746 653 784 714 ad
803 653 1011 735 Hermippum!

308 737 411 796 venit:
422 736 545 814 pecunia
554 736 663 814 peritur
672 734 709 794 ab
719 732 885 816 Hermippo
898 754 905 794 :
917 735 1000 796 Her·-
1082 784 1090 803 ,

309 817 371 896 mip
394 815 473 875 usab
486 813 643 884 Heraclide
658 818 732 896 petit
744 817 773 875 :i
794 814 824 876 se
833 832 932 877 tamen
943 814 1001 876 Fu·

308 895 354 958 fiis
367 837 501 956 Etisfacir
516 894 680 959 absentibus
694 941 704 971 ,
722 897 755 956 δι
768 837 858 959 Hdem
871 895 950 956 suam
962 896 999 956 li·

307 977 405 1041 berar.
424 976 516 1037 Hunc'
530 975 697 1047 aesttranrem
713 976 747 1041 &
759 975 999 1060 tergiversantem

307 1055 418 1139 judicio
436 1057 484 1119 ille
501 1057 702 1142 persequitur:
717 1056 1005 1142 atecuperatoribus¹

307 1137 422 1201 causac
484 1138 598 1201 oscitur.
623 1205 627 1209 ,

283 1228 285 1232 ’
316 1268 319 1273 .
350 1219 402 1295 48.
454 1220 526 1282 olite
549 1218 734 1293 aestimare,
757 1221 904 1296 Iudices,
935 1241 998 1285 rtorr

308 1323 399 1367 unam
418 1301 451 1363 &
473 1302 610 1365 eamdem
628 1300 763 1363 omnibus
783 1301 815 1361 in
836 1302 910 1363 locis
938 1301 998 1364 effe

308 1381 535 1457 fraudatorum,
565 1383 598 1447 &
625 1378 813 1449 infitiatorum
837 1381 999 1462 impuden-

308 1464 402 1525 tiam:
417 1462 487 1524 fecit
502 1463 608 1527 eadem
625 1463 747 1535 omnia,
762 1483 826 1544 quae
844 1461 931 1523 nostri
945 1464 999 1524 de·

309 1543 422 1606 birores
439 1542 532 1605 solent
550 1564 557 1604 ε
575 1544 694 1625 negavit
710 1541 768 1605 sese
787 1545 909 1604 omnino
924 1564 999 1606 ver-

309 1622 404 1687 suram
424 1625 512 1687 ullam
533 1623 629 1687 fecisse
653 1623 759 1691 Roma
773 1645 780 1683 :
794 1621 944 1686 Fufiorum
966 1623 997 1686 se

307 1703 464 1770 affirmavit
484 1726 643 1787 numquam
668 1707 791 1769 omniuo
812 1724 924 1779 nomen
942 1727 1003 1767 aue

310 1785 380 1853 diffe
395 1808 404 1848 ε
420 1787 616 1868 Hermippum
630 1787 704 1855 verb
723 1785 833 1866 ipsum,
844 1787 999 1868 pudentis-

309 1871 416 1930 simum
438 1885 527 1949 atque
549 1868 696 1947 optimum
716 1869 838 1940 virum,
861 1883 998 1931 veterem

310 1953 437 2019 amicum
457 1965 544 2030 arque
565 1947 710 2028 hospitam
728 1966 851 2019 meum,
868 1946 999 2028 splendi-

311 2031 461 2093 dissimum
470 2049 558 2112 arque
566 2028 780 2099 ornatissimum
791 2029 914 2088 civitatis
922 2028 1000 2106 suae,

333 2112 426 2173 robris
445 2112 606 2184 omnibus,
630 2107 844 2190 maledidisque
867 2112 1014 2175 vexavit·¹

310 2133 388 2266 Sed,
402 2213 491 2275 quum
502 2191 530 2253 se
541 2191 633 2250 homo
645 2189 782 2249 volubilis
792 2187 916 2271 quadam
927 2212 1000 2272 ptae·

309 2274 392 2354 ¹cipiti
405 2272 553 2334 celeritate
566 2269 682 2331 dicendi
693 2271 724 2331 in
735 2269 783 2330 illa
795 2271 929 2332 oratione
939 2268 1001 2349 jac·

311 2369 409 2426 taret,
421 2352 564 2433 repente,
578 2349 746 2421 testimoniis
760 2348 909 2421 Fufiorum
919 2395 929 2425 ,
940 2372 1000 2412 no·

312 2431 491 2514 minibusque
512 2434 659 2507 reciratis,
678 2432 773 2495 homo
793 2430 998 2502 audacissimus

312 2516 482 2599 pertimuit,
497 2513 714 2596 loquacissimus
727 2513 882 2581 obmutuit.
895 2512 998 2596 Itaque

311 2613 533 2678 recuperatores
554 2610 658 2656 comta
679 2592 763 2654 istum
787 2613 852 2654 rem
877 2595 997 2666 minime

311 2678 431 2739 dubiam
441 2675 535 2759 prirnd
547 2674 662 2739 afflone
672 2672 892 2754 judicaverunt:
905 2696 1009 2758 quum&

312 2755 471 2838 judicatum
486 2779 548 2819 non
563 2756 694 2831 faceret,
711 2755 840 2823 addetur
855 2757 998 2840 Hermip÷

313 2860 379 2921 po,
396 2839 428 2899 δι
444 2840 482 2900 ab
498 2840 555 2899 hoc
571 2836 671 2898 durrus
687 2835 738 2899 est.
994 2896 997 2903 .

355 2917 449 2987 XXI.
464 2919 588 2981 Habetis
604 2919 637 2978 &
654 2917 835 2980 honestatem
852 2918 998 2994 bominis,¹

314 2998 348 3077 δι
360 2998 561 3063 ειυᾶοῐίῐαῑεπι
574 2997 751 3074 testimonii,
764 2999 796 3065 &
808 2998 919 3067 causam
930 3019 998 3066 om-¹

310 3100 382 3225 perp
394 3080 554 3142 simultatis.
563 3080 698 3171 Atqueis
709 3082 746 3146 ab
759 3080 924 3232 Hermippo
935 3077 999 3157 mis:

381 3182 458 3226 omas
485 3166 521 3227 V.
649 3202 654 3212 ·
884 3226 887 3233 ,
