2617 4209
309 842 361 894 20
475 853 480 860 ·
533 820 760 891 Onfflo

305 936 429 999 reditate
447 934 572 999 fraterna
593 938 827 1011 excluderetur,
849 936 972 999 necavit
998 966 1012 1002 ‚0

308 1016 403 1078 fratris
421 1036 518 1080 autern
537 1019 646 1080 liberos
664 1021 742 1100 prius
761 1016 823 1079 vita
839 1020 970 1098 privavit
990 1063 1002 1093 ‚

307 1098 396 1179 quim
410 1099 451 1158 illi
471 1098 544 1159 hanc
558 1100 595 1159 ab
614 1116 716 1160 natura
730 1100 882 1192 propriam
901 1100 1002 1161 lucem

308 1182 439 1259 accipere
458 1196 616 1259 potuerunt
638 1198 697 1253 ;ut
719 1200 823 1240 omnes
846 1181 1002 1263 intellige·

305 1276 393 1333 rent,
413 1259 521 1321 nihiiei
538 1260 686 1335 clausum,
701 1260 772 1322 nihil
785 1259 914 1320 sancium
939 1260 1000 1323 effe

306 1338 410 1420 poffe3
432 1338 512 1421 cujus
526 1341 563 1401 ab
577 1341 719 1416 audacia,
733 1340 825 1401 fratris
836 1341 947 1403 liberos
961 1362 1002 1403 ne

308 1423 433 1481 materni
450 1422 569 1503 quidem
593 1424 725 1505 torporis
745 1421 874 1483 custodia
896 1439 1002 1507 tegere

311 1499 459 1583 potuisset.

351 1602 398 1660 32.
420 1581 570 1644 Memoria
586 1599 704 1657 teneo,
726 1582 874 1644 Milesiam
892 1604 1000 1665 quarn·

308 1660 377 1723 dam
407 1664 584 1737 mulierem,
612 1685 702 1745 quum
733 1662 825 1725 effern'
841 1665 872 1724 in
897 1662 1003 1740 Asia,

307 1744 390 1825 quod
406 1746 442 1804 ab
453 1744 608 1805 heredibus
624 1742 754 1804 secundis
771 1744 894 1827 accepti
912 1766 1006 1824 pecu·

308 1825 360 1884 nid
379 1869 389 1897 ,
413 1842 527 1905 partum
541 1825 594 1884 sibi
609 1823 668 1905 ipsa
691 1823 912 1886 medicamentis
931 1826 1005 1887 abe·

311 1902 415 1986 gisset,
431 1907 473 1966 rei
487 1904 614 1986 capitalis
629 1902 688 1965 effe
701 1903 886 1967 damnatam:
902 1926 1006 1989 neque

309 1980 414 2066 injurii
430 2006 440 2059 ;
459 2006 528 2068 ¹quae
546 1984 628 2066 spem
643 1990 771 2068 parentis
793 2032 803 2061 ‚
823 1991 1006 2049 memoriam

308 2066 437 2126 nominis
451 2109 460 2137 ‚
476 2064 634 2127 subsidium
649 2069 784 2149 generis,
803 2066 947 2128 heredem
963 2068 1009 2130 sa·

310 2146 418 2219 utilia,
432 2146 612 2230 designatum
631 2146 795 2229 reipublicae
811 2149 932 2222 civem,
947 2148 1008 2210 sus-

310 2225 425 2289 tuliffet.
446 2227 570 2307 Quanto
589 2227 769 2307 Oppianicus
786 2228 817 2287 in
834 2228 944 2289 eadem
956 2232 1010 2291 in·

308 2305 385 2389 juria
404 2307 517 2389 majore
538 2307 676 2389 supplicio
696 2305 798 2388 dignus
818 2312 829 2363 i
852 2310 1007 2447 sipuidem

307 2389 381 2464 illa,
401 2411 491 2473 quum
506 2387 558 2451 suo
578 2390 695 2471 corpori
710 2388 773 2449 vim
793 2386 873 2448 attuli
896 2406 952 2466 et,
974 2391 1008 2456 se

312 2470 373 2552 ipsa
395 2473 550 2533 cruciavit:
567 2471 614 2531 hic
629 2486 725 2532 autern
743 2468 824 2529 idem
840 2468 913 2530 illud
931 2469 1010 2536 effe·

311 2554 351 2612 cit
367 2570 421 2633 per
439 2552 523 2613 alieni
540 2554 673 2632 corporis
692 2554 821 2612 mortern'
832 2568 920 2635 atque
934 2573 1008 2624 eru·

316 2634 434 2692 ciatum.
465 2629 568 2693 Ceteri
592 2652 653 2691 non
676 2632 814 2691 videntur
831 2633 862 2692 in
884 2631 1008 2715 singtilis

313 2711 480 2778 hothinibus
497 2713 588 2772 multa
602 2710 754 2793 parricidia
772 2710 915 2795 suscipere
931 2712 1010 2795 pos-

312 2790 342 2853 se
359 2815 369 2852 .·
386 2792 568 2873 Oppianicus
582 2794 720 2854 inventus
737 2790 802 2870 est,
822 2795 873 2877 qui
891 2795 922 2855 in
941 2814 1009 2859 uno

315 2893 442 2952 corpore
456 2873 553 3013 plures
568 2889 698 2935 necaret.

356 2951 439 3015 XII.
474 2970 560 3036 taque
571 2975 662 3035 quum
674 2954 748 3014 hanc
766 2951 830 3034 ejus
848 2952 1010 3020 consuetu·

314 3032 414 3095 dinem
436 3035 642 3117 audaciamque
662 3033 853 3118 cognosceret
873 3056 1011 3100 avuncu-

316 3113 361 3174 lus
378 3114 451 3175 illius
464 3114 653 3177 adolescentis
669 3116 849 3197 Oppianici,
865 3113 924 3178 Cn.

315 3196 400 3337 pium
418 3194 496 3277 isque
511 3199 592 3337 firavi
608 3197 715 3259 morbo
731 3194 848 3258 assedus
863 3194 957 3274 esset,
1033 3235 1047 3262 r

338 3277 457 3339 eredem
476 3323 486 3351 ‚
501 3280 510 3337 i
534 3298 583 3336 um
601 3276 706 3339 sotoris
721 3275 777 3338 suae
791 3275 881 3338 filium
896 3322 906 3353 ,
922 3278 1008 3340 face·

312 3374 378 3423 tet:
393 3361 491 3423 amicis
502 3359 656 3436 adhibitis,
672 3355 811 3443 prasente
825 3375 917 3422 matre
936 3360 986 3424 sui·
