2617 4209
375 740 473 810 Pno
498 738 546 809 A.
572 739 845 811 ccuatttto.
918 760 946 833 9

260 874 360 937 neque
380 875 518 937 umquam
534 855 583 916 illa
597 856 638 917 ita
656 856 694 917 de
712 854 763 916 suo
782 855 889 918 scelere
912 856 945 916 δι

261 937 439 998 immanitate
448 936 563 1011 audiet,
577 953 610 997 ut
619 956 727 998 naturae
738 958 847 998 nomen
859 939 948 997 amit·

262 1034 329 1097 tata
341 1018 402 1099 qud
418 1021 496 1078 enim
514 1016 556 1078 est
567 1016 660 1099 ipsum
677 1038 788 1080 nomen
803 1021 946 1078 amantius

260 1097 509 1180 indulgentiusque
524 1114 708 1173 maternum,
725 1100 783 1159 bdc
802 1099 875 1160 illius
885 1119 949 1159 ma·

259 1181 342 1251 tris,
367 1200 430 1260 quae
453 1179 560 1239 multos
581 1177 642 1258 jam
665 1201 784 1250 annos,
811 1181 844 1241 ὃ(
869 1200 947 1241 nunc

259 1280 350 1340 quum
374 1261 498 1320 maxime
519 1259 609 1320 filium
631 1259 815 1321 interfeslum
838 1264 947 1343 cupit,

258 1340 405 1423 singulare
419 1340 530 1415 scelus,
543 1339 656 1420 majore
673 1342 744 1402 odio
759 1342 877 1481 dippum
888 1339 948 1402 elle

260 1421 396 1493 ducetis)
411 1442 446 1497 ea
461 1424 548 1503 igitur
563 1438 657 1483 mater
671 1421 773 1497 Aviti,
830 1423 897 1484 elini
911 1423 948 1483 il-

260 1502 314 1561 lius
328 1501 538 1574 adolescentis,
551 1506 651 1584 generi
666 1502 725 1576 sui,
742 1503 845 1564 contra
856 1502 946 1585 quim

261 1582 305 1642 fas
326 1600 388 1642 etat
411 1628 421 1657 ,
439 1602 540 1643 amore
561 1598 672 1664 capta,
694 1584 791 1664 ptimb
812 1629 822 1658 ,
847 1604 946 1666 neque

261 1663 293 1723 id
318 1662 409 1745 ipsum
422 1663 491 1737 diu,
509 1684 629 1745 quoquo
653 1663 747 1725 modo
765 1681 899 1746 poterat,
916 1668 948 1728 in

259 1744 310 1804 illa
334 1743 491 1825 cupiditate
512 1744 743 1819 continebatut3
770 1745 876 1806 deinde
907 1748 947 1807 ita

261 1826 381 1907 flagrare
409 1828 498 1907 coepit
523 1827 678 1899 amentia,
704 1829 742 1887 sic
769 1826 947 1889 inflammata

260 1905 330 1967 ferri
348 1906 494 1982 libidine,
511 1923 543 1967 ut
571 1927 637 1969 eam
655 1928 716 1968 non
734 1908 831 1989 pudor
845 1949 859 1982 ‚-
883 1930 947 1970 non

261 1986 419 2067 pudicitia,
439 2008 501 2047 non
516 1991 633 2070 pietas,
649 2009 711 2049 non
731 1989 843 2049 macula
862 1988 949 2050 fami·

261 2068 327 2140 liae,
340 2089 402 2129 non
413 2069 564 2128 hominum
579 2068 677 2142 fama,
693 2090 754 2129 non
772 2068 823 2130 filii
839 2070 947 2147 dolor,

262 2170 323 2208 non
335 2146 401 2209 filiae
412 2170 523 2209 moetor
534 2171 551 2210 a
565 2149 722 2230 cupiditate
734 2170 898 2213 revocaret.

307 2248 353 2308 ¹3·
385 2228 528 2291 Animum
552 2230 744 2292 adolescentis
771 2276 783 2303 ,
813 2232 947 2293 nondum

261 2311 385 2371 consilio
405 2332 438 2372 ac
456 2314 570 2372 ratione
588 2310 755 2386 firmatum,
776 2313 894 2392 pellexit
914 2314 948 2373 iis

263 2392 399 2451 omnibus
418 2392 505 2450 rebus
524 2435 533 2463 ‚
555 2392 658 2470 quibus
675 2393 723 2451 illa
742 2408 808 2451 aetas
828 2397 891 2474 capi
914 2414 949 2453 ac

264 2470 376 2530 deliniri
394 2468 509 2550 potest:
531 2468 608 2543 filia,
629 2492 693 2551 quae
706 2492 767 2531 non
785 2471 877 2532 solltm
894 2472 947 2534 illo

263 2554 411 2611 communi
424 2551 529 2611 dolote
545 2553 680 2612 muliebri
690 2554 719 2612 in
734 2549 876 2631 ejusmodi
892 2557 950 2615 viti

260 2630 370 2711 injuriis
397 2648 578 2715 angeretur,
609 2633 659 2693 sed
683 2632 827 2695 nefarium
849 2637 948 2696 mattis

261 2714 430 2794 pellicatum
453 2713 529 2773 ferte
549 2734 611 2774 non
636 2713 751 2794 pollet,
772 2715 889 2796 dequo
910 2736 950 2778 ne

262 2798 343 2875 queri
365 2795 483 2875 quidem
503 2796 564 2854 sine
585 2794 695 2855 scelere
713 2794 743 2856 se
762 2793 843 2876 polle
868 2797 950 2858 arbi·

260 2893 404 2948 cratetur,
415 2892 529 2936 ceteros
546 2874 587 2935 sui
602 2879 676 2936 tanti
684 2876 753 2936 mali
761 2878 879 2959 ignaros

262 2956 398 3036 cupiebat
413 2977 422 3029 ;
442 2958 471 3015 in
491 2952 575 3035 hujus
593 2958 781 3017 amantissimi
792 2956 833 3018 sui
911 2955 919 3038 Ἰ

261 3038 393 3095 manibus
406 3083 415 3109 ‚
431 3038 463 3095 ὃ(
476 3040 588 3118 gremio
601 3083 611 3112 ‚
622 3057 754 3099 moetore
767 3038 799 3101 &
811 3039 927 3124 laem·

264 3117 497 3178 consenescebat.
877 3141 882 3152 ·

309 3214 353 3269 14.
378 3196 455 3257 Ecce
485 3216 583 3258 autem
609 3198 732 3260 subitum
757 3198 881 3263 divortit

263 3277 346 3358 quod
360 3276 493 3339 solatium
504 3281 649 3384 malorpm
667 3282 799 3344 omnium
818 3279 877 3341 for

777 3362 849 3426 Ae
