2617 4209
308 751 362 826 16
419 791 424 801 =
531 750 760 826 Ossnrro

303 866 415 941 bium,
476 888 495 927 0
513 865 542 927 se
565 865 656 926 uestre
673 867 704 925 in
725 864 776 925 illo
797 860 895 925 indice
929 884 1003 926 cor·

305 968 431 1088 gumpert
442 887 636 1087 rodifeiidtousr
645 943 709 1087 εἶθ
719 944 783 1006 usus
790 942 1004 1087 zprpspribgn-

308 1050 365 1169 illoii
379 1048 582 1170 'crdddlisiiteni
606 1048 789 1182 initerfecdirsa:
799 1070 862 1167 non
876 1047 1004 1168 midio:

309 1191 350 1249 cri
374 1189 411 1249 ab
431 1209 469 1250 eo
488 1192 577 1251 ceteri
595 1188 813 1271 proscriptionis
839 1188 873 1249 &
894 1190 1004 1250 mortis

308 1286 392 1330 metu
410 1272 604 1332 terrebantur.
631 1270 686 1330 His
703 1271 788 1331 rebus
804 1272 834 1329 in
850 1268 935 1329 causa
955 1268 1004 1349 ju·

309 1350 443 1433 dicioque
463 1351 612 1433 patefasiis
632 1397 642 1422 ,
667 1353 730 1433 quis
748 1349 818 1423 cst,
843 1352 893 1434 qui
916 1350 1004 1413 illum

309 1429 421 1493 absolvi
437 1431 561 1514 potuiffe
573 1431 780 1492 arbitraretur?

276 1559 286 1584 ,
351 1511 412 1573 IX.
433 1513 534 1597 Atque
553 1514 615 1575 haec
634 1535 725 1595 parva
740 1511 824 1573 sunt:
844 1532 881 1571 co
926 1511 1006 1573 osci·

308 1606 343 1655 te
356 1594 413 1656 reli
435 1615 491 1667 ua,
508 1612 541 1655 ut
559 1615 620 1655 non
638 1594 795 1675 aliquando
814 1613 871 1653 con
914 1614 1005 1654 mna·
1050 1593 1052 1608 '

310 1690 375 1735 tum
394 1615 451 1737 ede
468 1675 521 1756 Op
544 1677 689 1748 ianicum,
706 1673 755 1735 sed
770 1672 948 1755 aliquamdiu
964 1677 1006 1734 in·

309 1756 461 1817 columem
477 1698 556 1816 suilla
575 1756 730 1818 miremini.
751 1754 877 1815 Primum
900 1754 1007 1816 videte
1049 1793 1052 1826 ς

310 1836 437 1899 hominis
462 1836 622 1897 audaciam.
652 1835 777 1897 Sassiam
796 1836 826 1895 in
845 1838 1006 1897 matrimo-
1049 1837 1052 1860 ²

310 1918 391 1977 nium
412 1916 541 1992 ducere,
559 1915 643 1977 Aviti
656 1934 801 1990 matrem,
822 1916 903 1975 illam
921 1961 931 1989 ,
950 1937 1007 1977 cu·

308 1992 356 2079 jus
368 2000 463 2058 virum
476 1997 517 2061 A.
535 1997 658 2058 Aurium
674 1997 840 2071 occiderat,
858 1999 1008 2138 concrppi-

309 2079 365 2140 vit.
383 2078 494 2140 Utrirm
512 2079 711 2161 impudentior
733 2079 779 2139 hic
799 2121 809 2150 ,
831 2080 881 2160 qui
900 2099 943 2157 po
994 2111 1009 2128 ·

310 2157 355 2220 let
370 2178 380 2230 3
400 2182 438 2220 an
453 2161 599 2222 crudelior
615 2160 687 2235 illa,
703 2161 727 2219 si
744 2158 834 2219 nubat
852 2202 862 2231 ,
882 2156 1009 2221 difficile

311 2238 390 2301 ditio
413 2239 474 2302 est:
493 2241 543 2303 sed
559 2258 659 2301 tamen
676 2237 820 2319 utriusque
835 2238 1009 2302 humanita-

310 2336 397 2395 tem,
416 2321 664 2402 constantiamque
681 2317 856 2402 cognoscite.

355 2417 404 2478 27.
425 2402 501 2464 Petit
515 2402 717 2484 Oppianicus,
732 2416 764 2460 m
775 2398 828 2458 sibi
841 2396 939 2459 Sassia
955 2422 1011 2464 nu·

310 2482 384 2556 bat,
397 2484 431 2542 &
447 2485 478 2543 id
494 2503 677 2564 magnopere
696 2478 864 2543 contendit:
884 2479 936 2541 illa
951 2504 1011 2545 au·

263 2569 265 2571 ’
311 2576 373 2621 tem
390 2582 452 2621 non
471 2564 628 2621 admiratur
643 2563 816 2634 audaciam,
832 2581 893 2620 non
907 2564 947 2620 im
972 2583 1011 2623 u·

201 2667 205 2678 ¹
312 2640 442 2703 dentiam
467 2641 661 2723 aspernatur,
684 2663 746 2703 non
773 2641 943 2723 deniqueil
973 2664 1011 2705 m

313 2721 473 2804 Oppianici
492 2722 614 2784 domum
633 2767 643 2797 ,
663 2726 718 2784 viri
733 2721 774 2783 sui
790 2721 929 2804 sanguine
952 2743 1011 2785 re-

311 2802 513 2879 dundantem,
528 2803 716 2865 reformidat:
728 2802 778 2865 sed
791 2802 871 2885 quod
881 2804 1011 2867 haberet

295 2898 371 2958 ¹tres
392 2884 441 2945 ille
462 2883 538 2946 filios
556 2930 566 2959 ,
585 2884 696 2945 idcirco
717 2883 750 2946 se
767 2884 804 2944 ah
828 2883 873 2944 his
894 2888 1013 2967 nuptiis

310 2964 471 3026 abhorrere
487 2964 646 3047 respondit.
667 2965 871 3047 Oppianicus,
887 2968 940 3047 qui
951 2985 1010 3049 pe·

311 3048 427 3105 cuniam
446 3044 550 3107 Sassiae
567 3044 806 3127 concupivisset,
833 3043 930 3108 domo
951 3047 1012 3112 eibi

277 3161 278 3164 =
310 3126 501 3207 quaerendum
518 3126 682 3188 remedium
699 3124 922 3188 existimavitad
938 3145 1013 3192 enm

309 3227 426 3269 moram
446 3252 455 3280 ‚
477 3228 540 3287 quae
559 3208 666 3288 nuptiis
691 3204 872 3268 asserebatur.
900 3205 1011 3284 Nam,
1044 3237 1049 3262 r

309 3309 403 3372 quum
420 3289 593 3359 insererer
610 3287 710 3355 Novia
729 3286 871 3350 infantem
892 3286 1013 3354 filium:
1050 3311 1052 3328 1
