2617 4209
406 565 508 634 Pno
535 566 571 635 L.
606 567 805 634 Franco·
863 536 944 659 '503

259 678 345 762 thd
359 678 421 762 ‘ego
439 701 500 739 non
521 679 728 761 reprehend03
745 681 839 742 socios
855 681 948 742 video

259 763 345 842 ²queri
362 781 370 820 ε
389 780 565 841 praetorem,
583 764 606 821 si
622 761 813 822 hereditatem
828 765 859 822 in
875 778 963 842 prov'

260 844 358 904 vincia
377 863 438 901 non
459 843 629 923 reliquerit,
650 863 712 902 non
732 842 823 904 solum
844 858 963 924 repre-s·

260 921 477 996 hendendum,
500 926 603 985 verum
630 925 717 983 etiam
744 923 980 985 condemnane?

261 1005 333 1065 dum
352 1002 458 1083 putas?
476 1001 573 1078 Doti,
587 1004 701 1084 inquit,
722 1004 840 1066 Valeria
857 1024 950 1087 pecus

260 1087 340 1144 niam
357 1104 477 1143 omnem
489 1084 566 1144 suam
583 1084 703 1148 dixerat.
960 1114 963 1121 ·

303 1163 451 1243 XXXV.
467 1164 546 1232 Nihil
559 1164 679 1225 istorum
690 1165 826 1247 explicari
834 1164 947 1247 potest,

261 1248 315 1306 nisi
331 1242 489 1305 ostenderis
502 1290 513 1316 ,
528 1245 608 1308 illam
620 1247 650 1304 in
668 1248 759 1306 tutela
778 1247 873 1306 Flacci
887 1268 950 1306 non

261 1324 353 1386 fuisse.
367 1324 397 1385 Si
411 1325 484 1398 fuit,
498 1342 687 1407 quaecumque
701 1327 763 1387 sine
774 1327 831 1387 hoc
843 1327 963 1386 audio-¹

260 1428 292 1467 re
306 1405 346 1467 est
365 1405 439 1465 dieta
453 1405 507 1467 dos
517 1452 527 1481 ,
537 1405 615 1466 nulla
628 1403 679 1465 est.
694 1405 754 1466 Sed
766 1424 865 1467 tamen
877 1407 950 1467 Lurv

261 1508 390 1564 eonem,
405 1489 580 1628 ggtamqua'rn
594 1507 648 1568 pro
662 1484 711 1546 sua
725 1487 864 1568 dignitate
881 1506 962 1547 m0··

261 1569 377 1630 deratus
388 1569 410 1630 'e
450 1569 481 1627 in
498 1566 666 1630 testimonio
683 1567 812 1629 dicendi>
830 1569 882 1628 reli
903 1572 964 1631 ior·

262 1651 292 1709 ni
306 1648 382 1723 suae,
395 1664 493 1710 tamen
507 1652 562 1710 irat
625 1648 731 1710 Flac'co
748 1647 805 1710 elle
822 1589 966 1710 uidillist·

261 1750 357 1813 neque
380 1730 460 1791 enim
482 1752 554 1800 occu
616 1732 638 1788 ‘t
661 1729 773 1790 causam
791 1731 948 1792 iracundiae

260 1811 315 1872 fuae
328 1856 338 1886 ‚
351 1830 449 1891 neque
472 1809 649 1870 reticendam
671 1812 783 1889 putavit
804 1832 812 1870 :
832 1811 947 1891 questus

262 1891 321 1968 est,
337 1892 472 1952 libertum
489 1889 590 1963 suum,
604 1888 709 1952 Flacco
725 1907 872 1971 pretore,
889 1891 948 1952 elle

263 1973 441 2033 damnatum.
460 1969 492 2031 O
512 1970 698 2032 conditiones
716 1970 831 2031 miseras
851 1971 949 2031 admi-

261 2053 468 2115 nistrandarum
485 2054 700 2132 provinciarum
714 2051 765 2111 lin
782 2052 884 2132 quibus
902 2053 947 2112 di-'

261 2135 380 2229 ligentia
392 2135 479 2214 plena
492 2134 668 2193 simultatum
683 2130 723 2192 est
733 2153 743 2206 ;
754 2132 946 2214 negligentia,

260 2216 535 2294 vituperationum:
555 2212 605 2271 uhi
627 2211 764 2272 severitas
788 2213 947 2293 periculosa

262 2294 304 2356 est
329 2315 339 2366 3
361 2293 514 2352 liberalitas
542 2294 654 2374 ingrata
679 2293 802 2353 :sermo
824 2294 964 2353 lusidio--

261 2375 327 2447 sus;
348 2371 497 2432 affentatio
514 2370 696 2454 perniciosa:
716 2371 797 2433 frons
814 2377 947 2436 omnium
965 2400 968 2408 ·

261 2456 428 2527 familiaris3
445 2453 735 2514 multorum'animus
753 2457 840 2515 iratus
859 2477 868 2514 r
885 2458 947 2524 ira-2

261 2536 374 2597 cundiae
400 2535 544 2609 occultae3
566 2534 713 2595 blanditiae
740 2555 865 2617 apertae:
888 2556 947 2597 ves·

261 2620 376 2679 nientes
395 2621 534 2698 pr'aetotes
556 2614 741 2696 exspetiant,
761 2614 946 2698 praesentibus

262 2699 437 2773 inserviunt,
455 2697 595 2758 abeuntes
612 2693 759 2758 deserunt,
780 2695 837 2758 Sed
856 2702 946 2759 omit·

262 2797 356 2838 ramus
374 2779 527 2858 querelas,
544 2798 581 2839 ne
599 2775 729 2840 nostrum
747 2780 945 2853 consilium²in

262 2856 519 2942 pretermittenda
532 2861 690 2943 prouinciis
706 2859 822 2924 laudare
839 2860 946 2929 videar.

262 2961 336 3001 mn

268 3045 271 3075 ;
304 3018 353 3080 88.
372 3017 494 3078 Litteras
517 3019 594 3078 misit
610 3020 648 3080 de
669 3020 768 3083 villico
791 3016 824 3080 P.
845 3017 883 3079 Se
906 3019 945 3078 ti·

260 3103 313 3199 prii
323 3145 334 3199 ,
355 3100 480 3180 lromiuis
496 3100 617 3182 ornati,
634 3104 685 3189 qui
702 3100 813 3168 villicus
833 3119 945 3187 cml
