<?xml version="1.0" encoding="UTF-8"?>
<!DOCTYPE html PUBLIC "-//W3C//DTD XHTML 1.0 Transitional//EN"
    "http://www.w3.org/TR/xhtml1/DTD/xhtml1-transitional.dtd">
<html xmlns="http://www.w3.org/1999/xhtml" xml:lang="en" lang="en">
 <head>
  <title>
</title>
<meta http-equiv="Content-Type" content="text/html;charset=utf-8" />
  <meta name='ocr-system' content='tesseract 3.04.00' />
  <meta name='ocr-capabilities' content='ocr_page ocr_carea ocr_par ocr_line ocrx_word'/>
</head>
<body>
  <div class='ocr_page' id='page_1' title='image "./mtulliiciceroni08lallgoog_0107.png"; bbox 0 0 2617 4209; ppageno 0'>
   <div class='ocr_carea' id='block_1_1' title="bbox 416 719 980 809">
    <p class='ocr_par' dir='ltr' id='par_1_1' title="bbox 416 719 980 809">
     <span class='ocr_line' id='line_1_1' title="bbox 416 719 980 809; baseline -0.005 -18"><span class='ocrx_word' id='word_1_1' title='bbox 416 722 512 791; x_wconf 84' lang='lat' dir='ltr'>Prto</span> <span class='ocrx_word' id='word_1_2' title='bbox 538 721 582 789; x_wconf 84' lang='lat' dir='ltr'>A.</span> <span class='ocrx_word' id='word_1_3' title='bbox 611 719 881 789; x_wconf 74' lang='lat' dir='ltr'>Crunurro.</span> <span class='ocrx_word' id='word_1_4' title='bbox 930 739 980 809; x_wconf 80' lang='lat'>97</span> 
     </span>
    </p>
   </div>
   <div class='ocr_carea' id='block_1_2' title="bbox 300 832 1079 3331">
    <p class='ocr_par' dir='ltr' id='par_1_2' title="bbox 302 832 986 1242">
     <span class='ocr_line' id='line_1_2' title="bbox 303 832 984 916; baseline -0.006 -17"><span class='ocrx_word' id='word_1_5' title='bbox 303 838 368 899; x_wconf 85' lang='lat' dir='ltr'>suas</span> <span class='ocrx_word' id='word_1_6' title='bbox 380 836 550 899; x_wconf 82' lang='lat' dir='ltr'>commisille</span> <span class='ocrx_word' id='word_1_7' title='bbox 561 855 568 894; x_wconf 77' lang='lat' dir='ltr'>t</span> <span class='ocrx_word' id='word_1_8' title='bbox 581 833 674 916; x_wconf 89' lang='lat' dir='ltr'>ipsum</span> <span class='ocrx_word' id='word_1_9' title='bbox 686 837 746 894; x_wconf 89' lang='lat' dir='ltr'>sine</span> <span class='ocrx_word' id='word_1_10' title='bbox 758 855 823 893; x_wconf 90' lang='lat' dir='ltr'>cura</span> <span class='ocrx_word' id='word_1_11' title='bbox 837 832 893 894; x_wconf 82' lang='lat' dir='ltr'>elle</span> <span class='ocrx_word' id='word_1_12' title='bbox 904 855 911 892; x_wconf 80' lang='lat' dir='ltr'>t</span> <span class='ocrx_word' id='word_1_13' title='bbox 924 856 984 895; x_wconf 90' lang='lat' dir='ltr'>non</span> 
     </span>
     <span class='ocr_line' id='line_1_3' title="bbox 305 916 985 998; baseline -0.012 -19"><span class='ocrx_word' id='word_1_14' title='bbox 305 935 457 993; x_wconf 86' lang='lat' dir='ltr'>metuere,</span> <span class='ocrx_word' id='word_1_15' title='bbox 474 938 512 980; x_wconf 91' lang='lat' dir='ltr'>ne</span> <span class='ocrx_word' id='word_1_16' title='bbox 526 919 591 998; x_wconf 86' lang='lat' dir='ltr'>lege</span> <span class='ocrx_word' id='word_1_17' title='bbox 606 916 659 988; x_wconf 72' lang='lat' dir='ltr'>ei,</span> <span class='ocrx_word' id='word_1_18' title='bbox 671 935 757 996; x_wconf 88' lang='lat' dir='ltr'>quam</span> <span class='ocrx_word' id='word_1_19' title='bbox 772 923 930 995; x_wconf 78' lang='lat' dir='ltr'>numquam</span> <span class='ocrx_word' id='word_1_20' title='bbox 942 917 985 995; x_wconf 85' lang='lat' dir='ltr'>ip·</span> 
     </span>
     <span class='ocr_line' id='line_1_4' title="bbox 304 994 986 1079; baseline -0.012 -19"><span class='ocrx_word' id='word_1_21' title='bbox 304 998 335 1060; x_wconf 86' lang='lat' dir='ltr'>se</span> <span class='ocrx_word' id='word_1_22' title='bbox 355 996 480 1077; x_wconf 82' lang='lat' dir='ltr'>jufferit‚</span> <span class='ocrx_word' id='word_1_23' title='bbox 501 1000 533 1059; x_wconf 91' lang='lat'>&amp;</span> <span class='ocrx_word' id='word_1_24' title='bbox 550 995 726 1079; x_wconf 81' lang='lat' dir='ltr'>quaestione,</span> <span class='ocrx_word' id='word_1_25' title='bbox 745 997 801 1076; x_wconf 75' lang='lat' dir='ltr'>quai</span> <span class='ocrx_word' id='word_1_26' title='bbox 814 995 842 1056; x_wconf 85' lang='lat' dir='ltr'>se</span> <span class='ocrx_word' id='word_1_27' title='bbox 861 994 986 1055; x_wconf 89' lang='lat' dir='ltr'>solutum</span> 
     </span>
     <span class='ocr_line' id='line_1_5' title="bbox 303 1073 985 1158; baseline -0.006 -18"><span class='ocrx_word' id='word_1_28' title='bbox 303 1079 425 1140; x_wconf 91' lang='lat' dir='ltr'>liberum</span> <span class='ocrx_word' id='word_1_29' title='bbox 449 1100 485 1140; x_wconf 91' lang='lat' dir='ltr'>ue</span> <span class='ocrx_word' id='word_1_30' title='bbox 498 1078 556 1139; x_wconf 82' lang='lat' dir='ltr'>elle</span> <span class='ocrx_word' id='word_1_31' title='bbox 573 1076 738 1149; x_wconf 85' lang='lat' dir='ltr'>arbitretur,</span> <span class='ocrx_word' id='word_1_32' title='bbox 748 1097 802 1157; x_wconf 89' lang='lat' dir='ltr'>per</span> <span class='ocrx_word' id='word_1_33' title='bbox 818 1097 926 1158; x_wconf 83' lang='lat' dir='ltr'>paucos</span> <span class='ocrx_word' id='word_1_34' title='bbox 938 1073 985 1156; x_wconf 82' lang='lat' dir='ltr'>ju-</span> 
     </span>
     <span class='ocr_line' id='line_1_6' title="bbox 302 1159 597 1242; baseline -0.007 -22"><span class='ocrx_word' id='word_1_35' title='bbox 302 1159 384 1220; x_wconf 88' lang='lat' dir='ltr'>dices</span> <span class='ocrx_word' id='word_1_36' title='bbox 399 1160 435 1220; x_wconf 88' lang='lat' dir='ltr'>ad</span> <span class='ocrx_word' id='word_1_37' title='bbox 462 1161 597 1242; x_wconf 86' lang='lat' dir='ltr'>tingatur.</span> 
     </span>
    </p>

    <p class='ocr_par' dir='ltr' id='par_1_3' title="bbox 300 1235 988 2203">
     <span class='ocr_line' id='line_1_7' title="bbox 349 1235 986 1322; baseline -0.002 -24"><span class='ocrx_word' id='word_1_38' title='bbox 349 1241 414 1322; x_wconf 79' lang='lat'>156.</span> <span class='ocrx_word' id='word_1_39' title='bbox 437 1238 508 1322; x_wconf 84' lang='lat' dir='ltr'>Agit</span> <span class='ocrx_word' id='word_1_40' title='bbox 526 1241 604 1300; x_wconf 90' lang='lat' dir='ltr'>enim</span> <span class='ocrx_word' id='word_1_41' title='bbox 625 1239 664 1296; x_wconf 86' lang='lat' dir='ltr'>sic</span> <span class='ocrx_word' id='word_1_42' title='bbox 681 1236 792 1297; x_wconf 86' lang='lat' dir='ltr'>causam</span> <span class='ocrx_word' id='word_1_43' title='bbox 804 1235 844 1297; x_wconf 88' lang='lat' dir='ltr'>T.</span> <span class='ocrx_word' id='word_1_44' title='bbox 867 1235 986 1312; x_wconf 85' lang='lat' dir='ltr'>Attius,</span> 
     </span>
     <span class='ocr_line' id='line_1_8' title="bbox 300 1317 988 1390; baseline -0.001 -10"><span class='ocrx_word' id='word_1_45' title='bbox 300 1319 471 1380; x_wconf 81' lang='lat' dir='ltr'>adolescens</span> <span class='ocrx_word' id='word_1_46' title='bbox 494 1319 587 1380; x_wconf 84' lang='lat' dir='ltr'>bonus</span> <span class='ocrx_word' id='word_1_47' title='bbox 610 1319 642 1377; x_wconf 90' lang='lat'>&amp;</span> <span class='ocrx_word' id='word_1_48' title='bbox 662 1317 798 1390; x_wconf 89' lang='lat' dir='ltr'>disertus,</span> <span class='ocrx_word' id='word_1_49' title='bbox 822 1339 924 1378; x_wconf 89' lang='lat' dir='ltr'>omnes</span> <span class='ocrx_word' id='word_1_50' title='bbox 942 1321 988 1379; x_wconf 84' lang='lat' dir='ltr'>ci-</span> 
     </span>
     <span class='ocr_line' id='line_1_9' title="bbox 301 1399 985 1484; baseline -0.004 -22"><span class='ocrx_word' id='word_1_51' title='bbox 301 1421 357 1462; x_wconf 80' lang='lat' dir='ltr'>ves</span> <span class='ocrx_word' id='word_1_52' title='bbox 368 1401 479 1484; x_wconf 84' lang='lat' dir='ltr'>legibus</span> <span class='ocrx_word' id='word_1_53' title='bbox 487 1402 579 1461; x_wconf 84' lang='lat' dir='ltr'>teneri</span> <span class='ocrx_word' id='word_1_54' title='bbox 591 1400 725 1458; x_wconf 88' lang='lat' dir='ltr'>omnibus</span> <span class='ocrx_word' id='word_1_55' title='bbox 735 1421 744 1457; x_wconf 92' lang='grc'>.·</span> <span class='ocrx_word' id='word_1_56' title='bbox 754 1419 809 1458; x_wconf 91' lang='lat' dir='ltr'>vos</span> <span class='ocrx_word' id='word_1_57' title='bbox 821 1399 985 1471; x_wconf 88' lang='lat' dir='ltr'>attenditis,</span> 
     </span>
     <span class='ocr_line' id='line_1_10' title="bbox 303 1476 986 1551; baseline -0.001 -10"><span class='ocrx_word' id='word_1_58' title='bbox 303 1481 338 1542; x_wconf 75' lang='grc' dir='ltr'>δι</span> <span class='ocrx_word' id='word_1_59' title='bbox 362 1483 465 1541; x_wconf 89' lang='lat' dir='ltr'>auditis</span> <span class='ocrx_word' id='word_1_60' title='bbox 484 1480 598 1540; x_wconf 89' lang='lat' dir='ltr'>silentio</span> <span class='ocrx_word' id='word_1_61' title='bbox 618 1521 627 1551; x_wconf 91' lang='lat'>‚</span> <span class='ocrx_word' id='word_1_62' title='bbox 651 1481 721 1537; x_wconf 90' lang='lat' dir='ltr'>sicut</span> <span class='ocrx_word' id='word_1_63' title='bbox 741 1476 836 1538; x_wconf 86' lang='lat' dir='ltr'>facere</span> <span class='ocrx_word' id='word_1_64' title='bbox 862 1479 986 1540; x_wconf 83' lang='lat' dir='ltr'>debetis.</span> 
     </span>
     <span class='ocr_line' id='line_1_11' title="bbox 304 1558 987 1639; baseline -0.006 -17"><span class='ocrx_word' id='word_1_65' title='bbox 304 1559 348 1622; x_wconf 82' lang='grc' dir='ltr'>Α.</span> <span class='ocrx_word' id='word_1_66' title='bbox 367 1559 519 1622; x_wconf 76' lang='lat' dir='ltr'><strong>Cluentius</strong></span> <span class='ocrx_word' id='word_1_67' title='bbox 538 1605 547 1634; x_wconf 91' lang='lat'>,</span> <span class='ocrx_word' id='word_1_68' title='bbox 569 1578 659 1639; x_wconf 86' lang='lat' dir='ltr'>eques</span> <span class='ocrx_word' id='word_1_69' title='bbox 682 1558 851 1630; x_wconf 83' lang='lat' dir='ltr'>Romanus,</span> <span class='ocrx_word' id='word_1_70' title='bbox 875 1559 987 1618; x_wconf 81' lang='lat' dir='ltr'>causant</span> 
     </span>
     <span class='ocr_line' id='line_1_12' title="bbox 305 1636 986 1724; baseline -0.009 -22"><span class='ocrx_word' id='word_1_71' title='bbox 305 1641 374 1702; x_wconf 87' lang='lat' dir='ltr'>dicit</span> <span class='ocrx_word' id='word_1_72' title='bbox 393 1644 426 1703; x_wconf 78' lang='lat' dir='ltr'>el</span> <span class='ocrx_word' id='word_1_73' title='bbox 444 1643 532 1724; x_wconf 80' lang='lat' dir='ltr'>lege,</span> <span class='ocrx_word' id='word_1_74' title='bbox 552 1642 608 1720; x_wconf 72' lang='lat' dir='ltr'>qui</span> <span class='ocrx_word' id='word_1_75' title='bbox 630 1638 695 1719; x_wconf 85' lang='lat' dir='ltr'>lege</span> <span class='ocrx_word' id='word_1_76' title='bbox 711 1636 874 1712; x_wconf 82' lang='lat' dir='ltr'>senatores,</span> <span class='ocrx_word' id='word_1_77' title='bbox 898 1640 929 1698; x_wconf 71' lang='grc' dir='ltr'>ὃ(</span> <span class='ocrx_word' id='word_1_78' title='bbox 947 1643 986 1712; x_wconf 88' lang='lat' dir='ltr'>ii,</span> 
     </span>
     <span class='ocr_line' id='line_1_13' title="bbox 303 1718 988 1804; baseline -0.006 -22"><span class='ocrx_word' id='word_1_79' title='bbox 303 1721 355 1804; x_wconf 67' lang='lat' dir='ltr'>qui</span> <span class='ocrx_word' id='word_1_80' title='bbox 377 1721 570 1804; x_wconf 81' lang='lat' dir='ltr'>magistratum</span> <span class='ocrx_word' id='word_1_81' title='bbox 594 1718 754 1778; x_wconf 88' lang='lat' dir='ltr'>habuerunt</span> <span class='ocrx_word' id='word_1_82' title='bbox 775 1764 785 1792; x_wconf 94' lang='lat'>,</span> <span class='ocrx_word' id='word_1_83' title='bbox 807 1718 858 1778; x_wconf 91' lang='lat' dir='ltr'>soli</span> <span class='ocrx_word' id='word_1_84' title='bbox 882 1737 988 1779; x_wconf 81' lang='lat' dir='ltr'>teutu-</span> 
     </span>
     <span class='ocr_line' id='line_1_14' title="bbox 302 1798 987 1882; baseline -0.006 -18"><span class='ocrx_word' id='word_1_85' title='bbox 302 1820 370 1864; x_wconf 91' lang='lat' dir='ltr'>tur:</span> <span class='ocrx_word' id='word_1_86' title='bbox 391 1805 460 1864; x_wconf 85' lang='lat' dir='ltr'>milri</span> <span class='ocrx_word' id='word_1_87' title='bbox 481 1820 617 1882; x_wconf 90' lang='lat' dir='ltr'>pereum</span> <span class='ocrx_word' id='word_1_88' title='bbox 638 1798 795 1872; x_wconf 89' lang='lat' dir='ltr'>recusare,</span> <span class='ocrx_word' id='word_1_89' title='bbox 823 1801 855 1859; x_wconf 72' lang='grc' dir='ltr'>ὃ(</span> <span class='ocrx_word' id='word_1_90' title='bbox 876 1803 904 1859; x_wconf 82' lang='grc' dir='ltr'>ἱιι</span> <span class='ocrx_word' id='word_1_91' title='bbox 921 1823 987 1861; x_wconf 83' lang='lat' dir='ltr'>arce</span> 
     </span>
     <span class='ocr_line' id='line_1_15' title="bbox 304 1878 987 1966; baseline -0.004 -21"><span class='ocrx_word' id='word_1_92' title='bbox 304 1885 378 1966; x_wconf 86' lang='lat' dir='ltr'>legis</span> <span class='ocrx_word' id='word_1_93' title='bbox 391 1884 522 1962; x_wconf 87' lang='lat' dir='ltr'>praesidia</span> <span class='ocrx_word' id='word_1_94' title='bbox 539 1878 711 1941; x_wconf 86' lang='lat' dir='ltr'>constituere</span> <span class='ocrx_word' id='word_1_95' title='bbox 729 1879 903 1940; x_wconf 88' lang='lat' dir='ltr'>defensionis</span> <span class='ocrx_word' id='word_1_96' title='bbox 913 1903 987 1942; x_wconf 83' lang='lat' dir='ltr'>meae</span> 
     </span>
     <span class='ocr_line' id='line_1_16' title="bbox 305 1959 988 2024; baseline -0.003 0"><span class='ocrx_word' id='word_1_97' title='bbox 305 1965 463 2024; x_wconf 87' lang='lat' dir='ltr'>nonlicet.</span> <span class='ocrx_word' id='word_1_98' title='bbox 485 1963 515 2022; x_wconf 88' lang='lat' dir='ltr'>Si</span> <span class='ocrx_word' id='word_1_99' title='bbox 534 1962 692 2022; x_wconf 87' lang='lat' dir='ltr'>obtinuerit</span> <span class='ocrx_word' id='word_1_100' title='bbox 709 1959 819 2020; x_wconf 89' lang='lat' dir='ltr'>causam</span> <span class='ocrx_word' id='word_1_101' title='bbox 836 1959 988 2022; x_wconf 87' lang='lat' dir='ltr'>Cluentius</span> 
     </span>
     <span class='ocr_line' id='line_1_17' title="bbox 307 2040 987 2184; baseline -0.001 -81"><span class='ocrx_word' id='word_1_102' title='bbox 307 2041 422 2126; x_wconf 84' lang='lat' dir='ltr'>(sicuti</span> <span class='ocrx_word' id='word_1_103' title='bbox 443 2040 537 2104; x_wconf 70' lang='lat' dir='ltr'>vestris</span> <span class='ocrx_word' id='word_1_104' title='bbox 557 2044 690 2124; x_wconf 85' lang='lat' dir='ltr'>aequitate</span> <span class='ocrx_word' id='word_1_105' title='bbox 709 2042 767 2099; x_wconf 86' lang='lat' dir='ltr'>nixi</span> <span class='ocrx_word' id='word_1_106' title='bbox 789 2040 987 2184; x_wconf 46' lang='lat' dir='ltr'>confidimus?</span> 
     </span>
     <span class='ocr_line' id='line_1_18' title="bbox 306 2120 987 2203; baseline -0.003 -17"><span class='ocrx_word' id='word_1_107' title='bbox 306 2121 508 2186; x_wconf 82' lang='lat' dir='ltr'>existimabunt</span> <span class='ocrx_word' id='word_1_108' title='bbox 529 2163 538 2193; x_wconf 90' lang='lat'>‚</span> <span class='ocrx_word' id='word_1_109' title='bbox 563 2124 593 2182; x_wconf 89' lang='lat' dir='ltr'>id</span> <span class='ocrx_word' id='word_1_110' title='bbox 620 2120 701 2203; x_wconf 93' lang='lat' dir='ltr'>quod</span> <span class='ocrx_word' id='word_1_111' title='bbox 725 2122 805 2194; x_wconf 90' lang='lat' dir='ltr'>erit,</span> <span class='ocrx_word' id='word_1_112' title='bbox 834 2123 945 2182; x_wconf 88' lang='lat' dir='ltr'>obtinui</span> <span class='ocrx_word' id='word_1_113' title='bbox 969 2145 987 2184; x_wconf 89' lang='lat' dir='ltr'>e</span> 
     </span>
    </p>

    <p class='ocr_par' dir='ltr' id='par_1_4' title="bbox 304 2203 989 2462">
     <span class='ocr_line' id='line_1_19' title="bbox 330 2203 989 2286; baseline 0 -22"><span class='ocrx_word' id='word_1_114' title='bbox 330 2222 431 2286; x_wconf 87' lang='lat' dir='ltr'>ropter</span> <span class='ocrx_word' id='word_1_115' title='bbox 446 2206 663 2278; x_wconf 86' lang='lat' dir='ltr'>innocentiam,</span> <span class='ocrx_word' id='word_1_116' title='bbox 677 2203 815 2284; x_wconf 87' lang='lat' dir='ltr'>quoniam</span> <span class='ocrx_word' id='word_1_117' title='bbox 832 2205 872 2263; x_wconf 89' lang='lat' dir='ltr'>ita</span> <span class='ocrx_word' id='word_1_118' title='bbox 886 2204 989 2265; x_wconf 85' lang='lat' dir='ltr'>defen·</span> 
     </span>
     <span class='ocr_line' id='line_1_20' title="bbox 304 2227 988 2366; baseline 0.001 -21"><span class='ocrx_word' id='word_1_119' title='bbox 304 2227 352 2347; x_wconf 68' lang='lat' dir='ltr'>bs</span> <span class='ocrx_word' id='word_1_120' title='bbox 372 2287 431 2345; x_wconf 86' lang='lat' dir='ltr'>sit:</span> <span class='ocrx_word' id='word_1_121' title='bbox 453 2288 483 2345; x_wconf 91' lang='lat' dir='ltr'>in</span> <span class='ocrx_word' id='word_1_122' title='bbox 503 2285 567 2365; x_wconf 83' lang='lat' dir='ltr'>lege</span> <span class='ocrx_word' id='word_1_123' title='bbox 588 2300 713 2357; x_wconf 86' lang='lat' dir='ltr'>autem,</span> <span class='ocrx_word' id='word_1_124' title='bbox 778 2304 824 2342; x_wconf 87' lang='lat' dir='ltr'>am</span> <span class='ocrx_word' id='word_1_125' title='bbox 845 2286 988 2366; x_wconf 82' lang='lat' dir='ltr'>attingere</span> 
     </span>
     <span class='ocr_line' id='line_1_21' title="bbox 305 2304 776 2462; baseline -0.006 -34"><span class='ocrx_word' id='word_1_126' title='bbox 305 2366 455 2436; x_wconf 84' lang='lat' dir='ltr'>noluerit,</span> <span class='ocrx_word' id='word_1_127' title='bbox 470 2365 593 2462; x_wconf 69' lang='lat' dir='ltr'>praesidii</span> <span class='ocrx_word' id='word_1_128' title='bbox 605 2364 675 2423; x_wconf 92' lang='lat' dir='ltr'>nihil</span> <span class='ocrx_word' id='word_1_129' title='bbox 687 2304 776 2425; x_wconf 58' lang='lat' dir='ltr'>suillell</span> 
     </span>
    </p>

    <p class='ocr_par' dir='ltr' id='par_1_5' title="bbox 305 2442 1079 2930">
     <span class='ocr_line' id='line_1_22' title="bbox 353 2442 986 2528; baseline 0.008 -25"><span class='ocrx_word' id='word_1_130' title='bbox 353 2463 420 2528; x_wconf 83' lang='lat'>¹57·</span> <span class='ocrx_word' id='word_1_131' title='bbox 440 2443 496 2505; x_wconf 81' lang='lat' dir='ltr'>Hic</span> <span class='ocrx_word' id='word_1_132' title='bbox 514 2465 590 2504; x_wconf 90' lang='lat' dir='ltr'>nunc</span> <span class='ocrx_word' id='word_1_133' title='bbox 609 2442 650 2504; x_wconf 91' lang='lat' dir='ltr'>est</span> <span class='ocrx_word' id='word_1_134' title='bbox 664 2445 827 2527; x_wconf 89' lang='lat' dir='ltr'>quiddam,</span> <span class='ocrx_word' id='word_1_135' title='bbox 846 2445 925 2528; x_wconf 91' lang='lat' dir='ltr'>quod</span> <span class='ocrx_word' id='word_1_136' title='bbox 948 2446 986 2508; x_wconf 86' lang='lat' dir='ltr'>ad</span> 
     </span>
     <span class='ocr_line' id='line_1_23' title="bbox 305 2525 987 2609; baseline -0.001 -20"><span class='ocrx_word' id='word_1_137' title='bbox 305 2547 358 2589; x_wconf 91' lang='lat' dir='ltr'>me</span> <span class='ocrx_word' id='word_1_138' title='bbox 381 2527 523 2608; x_wconf 90' lang='lat' dir='ltr'>pertineat</span> <span class='ocrx_word' id='word_1_139' title='bbox 543 2570 552 2599; x_wconf 92' lang='lat'>‚</span> <span class='ocrx_word' id='word_1_140' title='bbox 571 2525 608 2587; x_wconf 93' lang='lat' dir='ltr'>de</span> <span class='ocrx_word' id='word_1_141' title='bbox 627 2547 687 2607; x_wconf 90' lang='lat' dir='ltr'>quo</span> <span class='ocrx_word' id='word_1_142' title='bbox 709 2527 775 2586; x_wconf 74' lang='lat' dir='ltr'>ante</span> <span class='ocrx_word' id='word_1_143' title='bbox 791 2526 848 2586; x_wconf 86' lang='lat' dir='ltr'>dixi</span> <span class='ocrx_word' id='word_1_144' title='bbox 869 2573 881 2599; x_wconf 92' lang='lat'>,</span> <span class='ocrx_word' id='word_1_145' title='bbox 906 2527 987 2609; x_wconf 91' lang='lat' dir='ltr'>quod</span> 
     </span>
     <span class='ocr_line' id='line_1_24' title="bbox 305 2604 987 2691; baseline -0.003 -21"><span class='ocrx_word' id='word_1_146' title='bbox 305 2629 366 2691; x_wconf 83' lang='lat' dir='ltr'>ego</span> <span class='ocrx_word' id='word_1_147' title='bbox 389 2607 501 2688; x_wconf 90' lang='lat' dir='ltr'>populo</span> <span class='ocrx_word' id='word_1_148' title='bbox 522 2606 658 2667; x_wconf 87' lang='lat' dir='ltr'>Romano</span> <span class='ocrx_word' id='word_1_149' title='bbox 678 2604 810 2688; x_wconf 79' lang='lat' dir='ltr'>praestare</span> <span class='ocrx_word' id='word_1_150' title='bbox 833 2605 987 2682; x_wconf 85' lang='lat' dir='ltr'>debeam,</span> 
     </span>
     <span class='ocr_line' id='line_1_25' title="bbox 306 2683 987 2771; baseline 0.001 -24"><span class='ocrx_word' id='word_1_151' title='bbox 306 2693 444 2771; x_wconf 90' lang='lat' dir='ltr'>quoniam</span> <span class='ocrx_word' id='word_1_152' title='bbox 463 2691 486 2747; x_wconf 90' lang='lat' dir='ltr'>is</span> <span class='ocrx_word' id='word_1_153' title='bbox 503 2709 576 2748; x_wconf 87' lang='lat' dir='ltr'>meae</span> <span class='ocrx_word' id='word_1_154' title='bbox 596 2691 665 2747; x_wconf 85' lang='lat' dir='ltr'>vitae</span> <span class='ocrx_word' id='word_1_155' title='bbox 684 2686 770 2747; x_wconf 84' lang='lat' dir='ltr'>status</span> <span class='ocrx_word' id='word_1_156' title='bbox 787 2683 850 2757; x_wconf 90' lang='lat' dir='ltr'>est,</span> <span class='ocrx_word' id='word_1_157' title='bbox 865 2701 897 2746; x_wconf 90' lang='lat' dir='ltr'>ut</span> <span class='ocrx_word' id='word_1_158' title='bbox 917 2707 987 2748; x_wconf 85' lang='lat' dir='ltr'>om-</span> 
     </span>
     <span class='ocr_line' id='line_1_26' title="bbox 306 2767 1079 2850; baseline -0.001 -21"><span class='ocrx_word' id='word_1_159' title='bbox 306 2769 352 2829; x_wconf 88' lang='lat' dir='ltr'>nis</span> <span class='ocrx_word' id='word_1_160' title='bbox 373 2771 443 2828; x_wconf 89' lang='lat' dir='ltr'>mihi</span> <span class='ocrx_word' id='word_1_161' title='bbox 469 2791 536 2829; x_wconf 88' lang='lat' dir='ltr'>cura</span> <span class='ocrx_word' id='word_1_162' title='bbox 559 2787 645 2850; x_wconf 86' lang='lat' dir='ltr'>atque</span> <span class='ocrx_word' id='word_1_163' title='bbox 669 2786 759 2847; x_wconf 87' lang='lat' dir='ltr'>opera</span> <span class='ocrx_word' id='word_1_164' title='bbox 782 2767 877 2845; x_wconf 85' lang='lat' dir='ltr'>posita</span> <span class='ocrx_word' id='word_1_165' title='bbox 898 2767 986 2828; x_wconf 81' lang='lat' dir='ltr'>sitin</span> <span class='ocrx_word' id='word_1_166' title='bbox 1070 2827 1079 2845; x_wconf 34' lang='grc'>1,</span> 
     </span>
     <span class='ocr_line' id='line_1_27' title="bbox 308 2845 987 2930; baseline 0.001 -22"><span class='ocrx_word' id='word_1_167' title='bbox 308 2851 438 2910; x_wconf 89' lang='lat' dir='ltr'>omnium</span> <span class='ocrx_word' id='word_1_168' title='bbox 464 2848 596 2930; x_wconf 87' lang='lat' dir='ltr'>periculis</span> <span class='ocrx_word' id='word_1_169' title='bbox 622 2845 822 2908; x_wconf 86' lang='lat' dir='ltr'>defendendis.</span> <span class='ocrx_word' id='word_1_170' title='bbox 853 2845 987 2924; x_wconf 86' lang='lat' dir='ltr'>Video,</span> 
     </span>
    </p>

    <p class='ocr_par' dir='ltr' id='par_1_6' title="bbox 308 2925 988 3331">
     <span class='ocr_line' id='line_1_28' title="bbox 332 2925 988 3011; baseline 0.008 -26"><span class='ocrx_word' id='word_1_171' title='bbox 332 2946 434 3002; x_wconf 71' lang='lat' dir='ltr'>uento,</span> <span class='ocrx_word' id='word_1_172' title='bbox 448 2931 480 2990; x_wconf 90' lang='lat'>&amp;</span> <span class='ocrx_word' id='word_1_173' title='bbox 494 2929 580 3011; x_wconf 52' lang='lat' dir='ltr'>quiam</span> <span class='ocrx_word' id='word_1_174' title='bbox 597 2925 772 3009; x_wconf 81' lang='lat' dir='ltr'>periculosa,</span> <span class='ocrx_word' id='word_1_175' title='bbox 791 2927 823 2986; x_wconf 88' lang='lat'>&amp;</span> <span class='ocrx_word' id='word_1_176' title='bbox 840 2927 927 3010; x_wconf 76' lang='lat' dir='ltr'>quaint</span> <span class='ocrx_word' id='word_1_177' title='bbox 943 2931 988 2990; x_wconf 88' lang='lat' dir='ltr'>in·</span> 
     </span>
     <span class='ocr_line' id='line_1_29' title="bbox 308 2949 986 3087; baseline 0.006 -20"><span class='ocrx_word' id='word_1_178' title='bbox 308 2949 392 3067; x_wconf 65' lang='lat' dir='ltr'>dnita</span> <span class='ocrx_word' id='word_1_179' title='bbox 407 3009 522 3087; x_wconf 79' lang='lat' dir='ltr'>quaestio</span> <span class='ocrx_word' id='word_1_180' title='bbox 544 3028 670 3068; x_wconf 85' lang='lat' dir='ltr'>tentetur</span> <span class='ocrx_word' id='word_1_181' title='bbox 692 3010 729 3067; x_wconf 86' lang='lat' dir='ltr'>ab</span> <span class='ocrx_word' id='word_1_182' title='bbox 750 3007 986 3084; x_wconf 81' lang='lat' dir='ltr'>accusatoribus,</span> 
     </span>
     <span class='ocr_line' id='line_1_30' title="bbox 309 3087 987 3169; baseline 0.009 -27"><span class='ocrx_word' id='word_1_183' title='bbox 309 3105 401 3167; x_wconf 91' lang='lat' dir='ltr'>quum</span> <span class='ocrx_word' id='word_1_184' title='bbox 418 3107 481 3145; x_wconf 92' lang='lat' dir='ltr'>earu</span> <span class='ocrx_word' id='word_1_185' title='bbox 497 3089 611 3166; x_wconf 75' lang='lat' dir='ltr'>legem,</span> <span class='ocrx_word' id='word_1_186' title='bbox 631 3111 694 3169; x_wconf 81' lang='lat' dir='ltr'>quae</span> <span class='ocrx_word' id='word_1_187' title='bbox 711 3092 741 3147; x_wconf 91' lang='lat' dir='ltr'>in</span> <span class='ocrx_word' id='word_1_188' title='bbox 757 3087 886 3150; x_wconf 83' lang='lat' dir='ltr'>nostrum</span> <span class='ocrx_word' id='word_1_189' title='bbox 905 3089 987 3150; x_wconf 92' lang='lat' dir='ltr'>ordi-</span> 
     </span>
     <span class='ocr_line' id='line_1_31' title="bbox 308 3161 986 3248; baseline 0.006 -22"><span class='ocrx_word' id='word_1_190' title='bbox 308 3184 380 3226; x_wconf 89' lang='lat' dir='ltr'>nem</span> <span class='ocrx_word' id='word_1_191' title='bbox 402 3161 581 3244; x_wconf 88' lang='lat' dir='ltr'>scriptasit,</span> <span class='ocrx_word' id='word_1_192' title='bbox 605 3172 634 3226; x_wconf 89' lang='lat' dir='ltr'>in</span> <span class='ocrx_word' id='word_1_193' title='bbox 653 3169 795 3248; x_wconf 89' lang='lat' dir='ltr'>populum</span> <span class='ocrx_word' id='word_1_194' title='bbox 817 3169 986 3230; x_wconf 86' lang='lat' dir='ltr'>Romanum</span> 
     </span>
     <span class='ocr_line' id='line_1_32' title="bbox 308 3243 987 3331; baseline 0.007 -24"><span class='ocrx_word' id='word_1_195' title='bbox 308 3243 465 3310; x_wconf 83' lang='lat' dir='ltr'>transferre</span> <span class='ocrx_word' id='word_1_196' title='bbox 484 3263 621 3306; x_wconf 85' lang='lat' dir='ltr'>conentur</span> <span class='ocrx_word' id='word_1_197' title='bbox 637 3267 644 3306; x_wconf 92' lang='lat'>:</span> <span class='ocrx_word' id='word_1_198' title='bbox 664 3269 720 3329; x_wconf 87' lang='lat' dir='ltr'>qua</span> <span class='ocrx_word' id='word_1_199' title='bbox 733 3251 763 3310; x_wconf 92' lang='lat' dir='ltr'>in</span> <span class='ocrx_word' id='word_1_200' title='bbox 776 3249 843 3331; x_wconf 82' lang='lat' dir='ltr'>lege</span> <span class='ocrx_word' id='word_1_201' title='bbox 861 3245 923 3324; x_wconf 88' lang='lat' dir='ltr'>est,</span> <span class='ocrx_word' id='word_1_202' title='bbox 938 3251 987 3330; x_wconf 79' lang='lat' dir='ltr'>qui</span> 
     </span>
    </p>
   </div>
   <div class='ocr_carea' id='block_1_3' title="bbox 353 3327 875 3390">
    <p class='ocr_par' dir='ltr' id='par_1_7' title="bbox 353 3327 875 3390">
     <span class='ocr_line' id='line_1_33' title="bbox 353 3327 875 3390; baseline 0 0"><span class='ocrx_word' id='word_1_203' title='bbox 353 3331 453 3390; x_wconf 68' lang='lat' dir='ltr'>lomus</span> <span class='ocrx_word' id='word_1_204' title='bbox 481 3331 515 3388; x_wconf 79' lang='lat' dir='ltr'>V.</span> <span class='ocrx_word' id='word_1_205' title='bbox 848 3327 875 3390; x_wconf 84' lang='lat' dir='ltr'>E</span> 
     </span>
    </p>
   </div>
   <div class='ocr_carea' id='block_1_4' title="bbox 0 0 1317 4209">
    <p class='ocr_par' dir='ltr' id='par_1_8' title="bbox 0 0 1317 4209">
     <span class='ocr_line' id='line_1_34' title="bbox 0 0 1317 4209; baseline 0 0"><span class='ocrx_word' id='word_1_206' title='bbox 0 0 1317 4209; x_wconf 95' lang='lat' dir='ltr'> </span> 
     </span>
    </p>
   </div>
  </div>
 </body>
</html>
  </div>
 </body>
</html>
