2617 4209
404 691 502 765 Pao
527 693 571 763 A.
598 690 871 763 Cruanrro.
914 701 988 786 1o7

307 809 334 872 ti
352 806 423 871 elset
439 810 480 869 ita
496 806 621 882 fadum,
638 822 738 869 tamen
756 799 791 869 e'a
807 827 875 881 res,
897 827 993 947 propa.

308 906 356 951 ter
374 889 530 950 multorum
548 888 690 949 e'usmodi
705 906 852 962 mortem,
866 887 929 947 satis
965 910 995 947 r·

309 992 388 1030 mam
406 971 511 1031 veneni
526 911 714 1051 sudpicionem
730 991 791 1030 non
808 969 946 1030 haberet:
969 970 993 1028 si

310 1049 380 1112 ellet
398 1049 599 1131 suspiciosum,
615 1065 714 1110 tamen
731 1051 767 1109 ad
786 1051 856 1110 alios
876 1051 994 1130 potius,

310 1132 396 1213 quam
410 1131 447 1190 ad
462 1130 585 1191 Avitum
601 1134 769 1212 pertineret.
786 1131 899 1192 Verum
913 1132 943 1188 in
954 1149 994 1190 eo

309 1211 371 1293 ipso
401 1213 536 1272 homines
567 1211 816 1292 impudentissime
846 1211 996 1271 mentiun-

310 1308 366 1353 tur.
393 1290 429 1352 ld
449 1308 481 1352 ut
501 1293 685 1375 intelligatis,
709 1293 741 1352 &
761 1306 887 1352 mortem
909 1288 995 1372 ejus,⁴

312 1374 345 1433 δι
360 1373 629 1454 quemadmodum,
641 1370 707 1452 post
720 1388 865 1446 mortem,
878 1376 908 1432 in
919 1373 995 1433 Avi-

312 1470 376 1513 tum
400 1454 436 1512 sit
464 1455 608 1513 crimena
631 1469 724 1512 matre
742 1456 915 1533 quaesitum,
938 1472 995 1513 co-

314 1531 455 1615 gnoscite.

358 1631 425 1693 175·
434 1612 537 1692 Quum
545 1632 635 1694 vagus
646 1611 678 1672 &
689 1610 766 1672 exsul
775 1626 898 1684 erraret,
910 1626 997 1693 atque

313 1694 381 1752 undi
404 1714 440 1754 ue
451 1692 576 1754 exclusus
586 1690 767 1774 Oppianicus
777 1738 786 1767 ‚
798 1696 827 1753 in
843 1692 998 1753 Falernum

312 1774 342 1835 se
361 1715 403 1834 ad
416 1772 455 1835 C.
474 1774 649 1854 Quintilium
673 1773 834 1836 contulillet
851 1795 860 1848 3
879 1775 918 1833 ibi
938 1776 1000 1855 pri·

313 1858 396 1915 mum
414 1857 445 1915 in
462 1856 599 1916 morbum
616 1855 737 1927 incidit,
756 1878 790 1917 ac
812 1854 876 1915 satis
903 1854 999 1916 vehe-

314 1952 429 1996 menter
459 1936 564 2016 diuque
594 1939 757 2016 aegrotavit.
792 1935 896 2016 Quum
928 1933 1000 1996 effer

315 2016 374 2075 unit
392 2014 505 2088 Sassia,
524 2016 557 2075 &
575 2014 667 2074 Statio
684 2016 773 2076 Albio
789 2016 935 2095 quodam,
948 2036 1001 2076 co-

316 2096 411 2171 lono,
427 2094 548 2156 homine
562 2095 699 2169 valente,
716 2097 765 2176 qui
782 2097 865 2155 simul
881 2094 937 2156 effe
951 2095 1001 2156 so·

316 2177 415 2250 lebat,
434 2174 599 2237 familiarius
617 2191 766 2249 uteretur,
781 2174 867 2256 quam
880 2178 925 2236 vit
946 2174 1003 2235 dis-

315 2257 525 2330 solutissimus,
541 2256 682 2316 incolumi
697 2256 835 2327 fortuna,
852 2259 913 2336 pati
933 2254 1005 2335 pos·

317 2337 380 2409 set;
402 2337 434 2396 δι
452 2336 497 2416 jus
510 2336 583 2396 illud
600 2337 776 2395 matrimonii
792 2332 898 2394 castum
914 2352 943 2395 at
964 2353 1002 2397 ue

318 2417 481 2497 legitimum
500 2417 684 2476 damnatione
700 2417 755 2477 viri
770 2413 911 2475 sublatum
927 2356 1006 2477 aiiii·

319 2513 463 2569 traretur3
482 2495 658 2557 Nicostratus
670 2496 804 2577 quidam,
819 2495 911 2558 fidelis
930 2495 1006 2579 Op-·

319 2581 425 2659 pianici
447 2578 602 2651 servulus,
628 2576 806 2657 percuriosus
828 2580 861 2638 &
885 2579 1006 2639 minime

320 2660 467 2731 mendax,
491 2660 581 2718 multa
605 2658 706 2718 dicitur
722 2661 885 2718 renuntiare
908 2658 1006 2718 domi-

320 2763 361 2800 no
381 2740 479 2802 solitus
495 2737 562 2799 elle.
588 2737 703 2799 Interea
718 2738 898 2819 Oppianicus
915 2758 1005 2820 quum
1088 2807 1090 2809 ,

322 2817 381 2899 jam
399 2819 633 2892 convalesceret,
650 2839 745 2900 neque
761 2822 789 2878 in
808 2819 931 2878 Falerno
947 2823 1005 2879 im-

323 2901 498 2978 probitatem
513 2900 611 2959 coloni
629 2899 733 2958 diutius
746 2899 820 2959 ferre
841 2900 953 2981 pollet,
971 2902 1004 2960 &

325 2978 382 3036 huc
408 2981 444 3038 ad
467 2982 570 3040 urbem
593 2980 738 3059 profeclus
766 2980 834 3040 ellet
862 2980 1007 3060 (solebat

328 3059 406 3115 enim
432 3076 511 3117 extra
534 3079 649 3138 portam
674 3062 779 3141 aliquid
801 3062 907 3121 habere
935 3082 1010 3119 con-

329 3134 431 3215 ducti)
450 3139 580 3197 cecidille
598 3161 634 3199 ex
657 3161 733 3222 equo
754 3143 877 3214 dicitur,
900 3142 930 3199 ὅ(
953 3142 1012 3197 ho·

326 3237 380 3281 mo
398 3214 510 3276 infirmit
525 3219 692 3282 valetudine
708 3223 780 3282 larus
797 3218 945 3307 offendisse
960 3239 1012 3282 ve·

826 3300 904 3379 Eu}
