2617 4209
443 352 541 421 Pno
567 351 604 420 L.
628 349 859 421 Murram.
918 374 990 447 375

307 491 370 544 na,
384 490 472 550 quem
491 488 583 547 nuper
601 464 795 527 summotum
814 468 937 546 imperio
959 470 994 527 li-

307 550 480 612 bentissime
499 549 635 618 viderit,
656 549 795 609 eumdem
815 547 965 628 lugentem
984 589 997 620 ,

308 648 509 703 atterentem,
528 626 653 688 exsulem
669 627 790 689 videat?
806 630 836 687 in
853 648 888 688 ea
905 628 998 708 porto

308 712 483 792 provincia,
501 729 560 791 quo
577 710 675 770 animo
694 707 732 770 C.
750 707 925 780 Murenam,
939 707 997 767 fra·

307 808 386 853 trem
404 790 506 863 suum,
521 787 689 869 adspiciet?
710 792 760 870 qui
781 786 864 867 hujus
883 787 968 849 dolor
983 786 998 848 ἓ

307 874 361 952 qui
378 871 451 932 illius
468 890 577 930 moeror
597 871 651 928 erit
671 867 682 927 ἓ
706 890 770 950 quae
788 867 931 949 utriusque
953 868 997 927 la-

308 950 476 1012 mentatio?
495 966 601 1030 quanta
617 965 713 1009 autem
735 949 911 1030 perturbatio
933 947 996 1008 for·

309 1048 410 1107 tunae,
431 1048 518 1112 atque
540 1028 699 1099 sermonis,
740 1028 820 1101 uod,
842 1029 943 1109 quibus
965 1031 997 1088 in

309 1112 383 1173 locis
401 1114 499 1193 paucis
515 1109 581 1169 ante
605 1108 705 1168 diebus
720 1050 828 1168 dasium
844 1107 901 1169 effe
921 1129 997 1166 con-

308 1190 401 1252 sulem
421 1191 578 1251 Murenam
598 1232 608 1261 ,
627 1179 720 1247 nu'ntii
736 1188 895 1267 litteraeque
918 1188 997 1247 cele-

308 1270 465 1345 brassent,
490 1272 523 1330 &
547 1266 625 1328 unde
648 1266 775 1348 hospites
799 1285 885 1348 atque
911 1269 998 1328 amici

310 1352 483 1433 gratulatum
502 1349 630 1409 Romam
650 1350 868 1421 concurrerint,
888 1367 998 1428 repen-

310 1434 342 1491 te
363 1433 400 1493 eb
418 1431 536 1494 accedat
551 1428 611 1511 ipse
629 1429 745 1489 nuntius
767 1427 822 1489 suae
845 1428 997 1489 calamita-

308 1511 373 1572 tis?

355 1608 404 1666 90.
425 1588 503 1668 Quae
520 1590 545 1647 si
562 1588 689 1662 acerba,
708 1590 734 1650 ei
749 1589 872 1662 misera,
888 1592 911 1649 si
929 1589 996 1650 luc-

310 1669 394 1729 tuosa
409 1666 493 1740 sunt,
507 1669 530 1726 si
545 1667 715 1727 alienissima
730 1687 748 1727 a
761 1668 998 1744 mansuetudine,

314 1752 349 1809 &
366 1745 560 1808 misericordii
576 1744 670 1808 vestra
688 1765 699 1820 ,·
715 1745 831 1808 Judices
848 1767 859 1822 3
881 1749 998 1808 conser-

311 1845 382 1892 vate
401 1829 503 1909 populi
519 1825 649 1888 Romani
661 1825 837 1888 beneficium
855 1847 863 1886 ε
883 1829 998 1890 reddite

312 1909 479 1989 reipublicae
494 1905 662 1969 consulem:
677 1907 745 1969 date
761 1907 819 1969 hoc
836 1908 923 1990 ipsius
940 1929 998 1990 pu·

313 1990 400 2063 dori,
419 1989 485 2050 date
503 1990 579 2070 patri
600 2004 738 2062 mortuo,
757 1987 826 2050 date
842 1990 941 2070 generi
962 1990 996 2050 &

313 2069 449 2144 samiliae,
469 2068 536 2129 date
553 2069 642 2128 etiam
660 2067 819 2142 Lanuvio,
838 2067 943 2136 muniti
964 2071 996 2130 io

312 2147 535 2221 honestissimo,
552 2147 634 2230 quod
650 2148 681 2224 in
696 2145 830 2210 hactota'
840 2147 922 2209 causa
937 2091 998 2210 sie-

314 2249 426 2312 quens‚
448 2227 639 2309 moestumque
658 2225 896 2308 vidiriiat'nolite
917 2249 935 2290 a
954 2228 999 2290 sa·

314 2313 369 2371 cris
390 2312 487 2391 patriis
510 2307 801 2392 Iunoniusospitae,
825 2311 871 2372 cui
893 2329 998 2374 omnen

313 2389 443 2451 consules
461 2387 556 2451 facere
571 2387 683 2452 necesse
701 2388 743 2452 est
757 2433 769 2465 ,
784 2387 996 2470 domesticum,

314 2472 347 2530 δι
371 2469 450 2531 suum
477 2468 625 2531 consulem
640 2470 832 2564 'potissimum
857 2469 998 2538 avelim·

315 2549 416 2627 Quem
433 2569 489 2632 ego
505 2550 611 2624 vobis,
625 2571 649 2609 er
668 2550 739 2633 quid
759 2551 848 2622 hebet
859 2567 909 2614 tut

315 2631 408 2688 menti
440 2630 658 2692 commendatio
688 2674 699 2705 ,
738 2647 788 2692 aut
819 2653 836 2694 e
917 2633 926 2650 '
964 2635 967 2640 ’

315 2705 500 2769 confirmatio
514 2727 606 2784 mea,
629 2709 728 2772 consul
747 2709 894 2774 consulem
910 2753 923 2788 ,
939 2747 942 2752 ·

317 2787 396 2850 dices
411 2830 422 2863 ,
439 2789 479 2847 ita
498 2789 675 2852 commendo
692 2835 704 2870 ,
720 2808 753 2854 ut
834 2793 843 2808 ⁰
939 2857 942 2862 ,
