2617 4209
208 142 446 522 Ι
1084 219 1093 242 ι

1084 253 1090 268 ι
1112 270 1114 278 ι

343 747 445 817 Pro
474 746 517 816 A.
544 746 830 815 clusurio.
885 765 932 840 23

246 860 400 923 lierculam
420 857 600 942 quamdam,
620 874 708 940 atque
723 861 763 920 ibi
780 859 938 941 pernodla-

247 959 324 1018 ret,
345 942 378 1003 δι
398 940 439 1001 ibi
461 940 541 1001 diem
562 936 712 1022 posterum
735 961 939 1003 commorare-

249 1042 298 1085 tur
320 1044 329 1083 t
355 1022 469 1084 Acilius
489 1036 549 1096 ‚ut
570 1038 632 1081 erat
652 1019 837 1083 constitutum
860 1067 870 1096 ,
896 1023 940 1081 si·

249 1103 341 1166 mulat
358 1101 388 1165 se
407 1119 571 1185 aegrotare,
587 1102 621 1163 δι
634 1100 839 1163 testamentum
857 1101 941 1164 face-

250 1204 284 1246 re
314 1185 405 1247 velle.
441 1182 625 1266 Oppianicus
652 1183 862 1267 obsignatores
901 1182 939 1244 ad

250 1286 346 1341 eum,
368 1264 419 1348 qui
438 1283 534 1347 neque
555 1263 689 1324 Asinium
710 1308 720 1338 ,
741 1285 838 1347 neque
860 1263 941 1325 Avi-

250 1348 324 1409 lium
343 1344 458 1408 nollent
478 1390 489 1420 ,
513 1344 659 1420 adducit,
679 1345 712 1404 &
731 1346 843 1421 illum,
867 1345 941 1405 Asi-

251 1430 334 1490 nium
357 1426 514 1510 appellat:
536 1424 623 1507 ipse,
651 1422 825 1488 testamento
847 1425 944 1487 Asinii

251 1507 376 1571 nomine
396 1508 553 1603 obsignato
565 1531 579 1580 ·,
598 1505 728 1566 discedit.
758 1508 871 1571 Avilius
889 1507 944 1566 illi·-

253 1610 292 1651 co
316 1586 504 1650 convalescit.
537 1585 654 1648 Asinius
674 1604 772 1648 aurem
790 1589 874 1648 brevi
892 1588 943 1647 illo

255 1687 393 1749 tempore
414 1713 425 1743 ,
445 1669 526 1749 quasi
544 1669 574 1728 in
596 1667 728 1727 hortulos
743 1672 818 1741 iret,
835 1670 864 1728 in
882 1688 945 1729 are·

255 1750 350 1811 narias
369 1747 505 1831 quasdam
526 1765 608 1810 extra
625 1766 743 1831 portam
766 1748 944 1833 Esquilinam

255 1829 433 1915 perduilus,
447 1827 600 1891 occiditur.

302 1909 350 1990 38.
375 1910 439 1991 Qui
456 1930 546 1991 quum
564 1930 655 1971 unum
679 1906 739 1989 jam
767 1910 946 1972 &alterum

259 1992 341 2052 diem
363 1991 575 2052 desideraretur
592 2012 602 2065 ;
625 2011 723 2073 neque
742 1993 771 2051 in
794 1993 827 2052 iis
846 1993 946 2066 locis,

258 2074 312 2132 ubi
330 2090 367 2132 ex
382 2070 589 2134 consuetudine
605 2072 786 2151 quaerebatur
805 2117 815 2147 ,
832 2074 948 2133 inveni-

261 2169 364 2225 retur,
387 2152 419 2212 &
437 2151 620 2233 Oppianicus
638 2153 668 2211 in
685 2151 753 2213 foro
771 2152 948 2213 Larinatium

262 2232 428 2305 diditatet,
449 2253 543 2314 nuper
554 2231 583 2295 se
602 2232 716 2294 &suos
735 2236 843 2295 amicos
859 2234 949 2295 testa-

262 2331 397 2376 mentum
407 2310 470 2390 ejus
486 2311 665 2395 obsignasse:
680 2314 775 2374 liberti
791 2313 904 2384 Asinii,
916 2316 950 2373 &

263 2395 397 2455 nonnulli
411 2396 497 2452 amici
510 2392 613 2531 ,lpuod
626 2412 664 2451 eo
681 2394 749 2464 die,
767 2413 827 2473 quo
841 2391 954 2474 postre-

265 2476 349 2535 mum
369 2474 486 2535 Asinius
501 2474 530 2530 ν’
545 2493 577 2531 us
589 2488 651 2532 erat
664 2516 673 2545 ‚
685 2472 816 2533 Avilium
833 2495 899 2534 cum
913 2494 952 2536 eo

266 2550 370 2625 fuiffe,
392 2553 425 2612 δι
439 2574 461 2612 a
475 2552 571 2612 multis
587 2551 680 2612 visum
698 2552 754 2615 elle
774 2553 925 2617 constabat
939 2575 955 2630 ,·

266 2639 298 2696 in
316 2653 385 2695 eum
402 2633 567 2708 invadunt,
591 2634 624 2693 &
640 2634 792 2697 hominem
811 2631 976 2732 anto-pu,

267 2717 320 2778 des
341 2714 385 2794 Q.
402 2714 517 2775 Manilii
537 2759 549 2786 ,
570 2718 699 2795 quitum
717 2718 943 2778 eratmumme·
996 2749 1006 2760 ·

268 2794 454 2859 constituunt.
467 2794 566 2875 Atque
577 2794 625 2855 ille
637 2798 777 2856 continuo
787 2839 797 2869 ,
808 2795 897 2858 nullo

269 2895 325 2951 te,
342 2875 423 2938 nullo
443 2876 562 2950 indice,
584 2878 709 2936 recentis
727 2874 863 2937 maleficii

269 2957 387 3020 scientiis
399 2958 567 3039 perterritus
580 3002 590 3030 ,
602 2960 723 3031 omnia,
739 2976 770 3019 ut
785 2979 802 3017 a
821 2977 871 3018 me
883 2977 903 3040 p
933 2961 937 2968 '

272 3038 304 3097 lu
322 3039 388 3100 ante
406 3036 580 3109 dictasunt,
597 3042 744 3118 exponit,
765 3038 933 3111 Asiniumqu
945 3067 951 3082 -·

273 3116 392 3261 {destiti
418 3120 539 3180 consilio
560 3116 747 3199 Oppianici,
774 3118 921 3180 intersed-

319 3295 369 3357 39.
392 3275 555 3339 Extrahitur
570 3277 664 3341 domo
682 3281 796 3344 latitans
815 3278 888 3362 Opp
