2617 4209
416 391 517 459 Pno
543 391 585 463 P.
611 396 783 462 suren.
864 405 939 489 '379

256 506 347 588 probi
358 523 390 565 ac
403 505 507 585 perditi
523 509 620 582 cives,
631 508 766 569 redomiti
783 523 869 589 atque
879 513 944 570 vic·

256 591 280 647 ti
296 631 307 661 ,
350 588 525 667 recipitante
547 589 718 668 republicd,
733 589 945 650 vehementem

257 687 309 730 me
328 609 409 728 iuiffe
427 683 513 747 atque
526 667 657 743 fortem,
677 668 867 744 conservata,
886 672 945 729 mi·

256 764 320 810 tem
337 770 371 807 ac
384 746 597 811 misericordem
611 748 780 810 faterentur.

301 844 331 888 α.
343 826 381 888 Et
390 830 544 908 ‚quoniam
556 830 589 889 L.
599 827 785 910 Torquatus,
799 843 881 891 meus
896 829 940 890 fa⁴

255 908 374 970 miliaris
393 929 426 968 ac
441 906 631 980 neceffarius,
649 910 786 984 ludices,
800 908 943 971 existima·

256 991 302 1051 vit
314 1034 324 1061 ,
338 991 367 1048 si
378 986 503 1048 nostram
514 992 543 1049 in
556 989 738 1051 accusatione
758 990 804 1051 sua
816 995 944 1051 necessi·

257 1085 351 1130 tatem
369 1066 649 1150 familiaritatemque
667 1070 819 1144 violasset,
836 1067 943 1152 aliquid

257 1148 289 1210 se
315 1148 352 1208 de
376 1148 541 1212 audieritate
564 1171 638 1210 meae
661 1149 838 1212 defensionis
861 1150 943 1231 poffe

259 1228 437 1302 detrahere;
460 1251 527 1292 curn
549 1228 632 1306 hujus
650 1232 769 1312 periculi
814 1230 944 1309 ropulsa·

257 1311 340 1370 tione
358 1306 533 1393 conjungam
549 1310 750 1374 defensionem
766 1254 852 1370 officii
867 1314 941 1385 mei:

257 1410 318 1532 quo
334 1389 452 1469 quidem
470 1412 578 1472 genere
594 1413 654 1452 non
675 1409 772 1452 uterer
783 1393 943 1463 orationis,

276 1470 393 1543 udices,
414 1470 471 1530 hoc
492 1489 645 1551 tempore,
663 1475 686 1533 si
706 1492 772 1532 mea
787 1471 878 1532 solum
896 1472 942 1531 in-

257 1547 394 1611 teressetr
409 1550 506 1608 multis
519 1554 596 1609 enim
608 1552 678 1610 mihi
688 1552 759 1611 locis
772 1554 803 1614 &
823 1553 888 1612 data
899 1551 943 1612 fa·

258 1629 350 1690 cultas
370 1626 434 1696 est,
454 1626 578 1706 &saepe
597 1629 711 1688 dabitur
722 1630 759 1690 de
772 1651 838 1691 mea
855 1632 942 1694 laude

259 1706 396 1769 dicendi:
419 1704 489 1778 sed,
509 1723 540 1765 ut
558 1705 627 1780 ille,
645 1707 784 1783 ludices,
804 1727 943 1790 quantum

259 1788 299 1849 de
319 1807 385 1850 mea
400 1786 569 1848 auctoritare
582 1786 767 1866 deripuisset,
784 1803 896 1849 tantum
913 1791 943 1852 se

259 1868 298 1930 de
318 1865 381 1946 ejus
401 1866 539 1948 presidiis
558 1866 773 1928 deminuturum
797 1866 943 1948 speravitt

218 1955 221 1970 ¹
260 1951 300 2010 sic
319 1948 377 2007 hoc
393 1967 460 2028 ego·
471 1945 585 2019 sentio,
604 1947 627 2005 si
645 1949 704 2006 mei
721 1946 943 2009 factitationem

258 2028 367 2099 vobis,
386 2025 633 2107 constantiamque
645 2023 731 2104 hujus
745 2024 833 2087 officii
843 2049 877 2087 ac
892 2028 946 2090 de·

217 2133 219 2140 ·
258 2108 399 2170 fensionis
416 2106 582 2186 probavero
599 2150 612 2179 ,
629 2105 740 2168 causam
758 2127 876 2190 quoque
893 2128 942 2170 me

217 2213 219 2220 ·
258 2188 294 2251 P.
312 2186 397 2247 Sullae
416 2186 614 2267 probaturum.
688 2186 691 2192 ’
905 2225 908 2230 -

208 2287 218 2304 ⁶
303 2286 331 2346 3.
352 2266 399 2328 Ac
422 2270 547 2347 primum
566 2269 617 2329 abs
635 2284 666 2330 te
683 2268 753 2329 illud
772 2314 782 2342 ,
798 2268 835 2331 L.
859 2268 944 2330 Tor-

259 2366 369 2430 quate,
387 2369 505 2430 quaero,
524 2371 574 2409 cur
592 2369 676 2410 mea
697 2352 802 2412 ceteris
820 2350 944 2410 clarissi-

259 2432 316 2492 mis
332 2431 419 2502 viris,
434 2452 466 2489 ac
486 2430 661 2511 principibus
680 2432 823 2504 civitatis3
839 2433 869 2491 in
885 2430 943 2492 hoc

260 2508 378 2582 officio,
399 2528 484 2591 atque
503 2513 533 2570 in
551 2511 609 2571 hoc
629 2510 804 2571 defensionis
818 2509 946 2589 jurese·

261 2610 364 2650 cernas
382 2610 389 2647 :
410 2592 479 2670 quid
496 2593 574 2652 enirn
594 2590 635 2652 est
653 2637 663 2665 ‚
684 2592 875 2672 quamobrem
892 2593 944 2652 abs

260 2688 294 2730 te
312 2667 355 2747 Q
378 2668 526 2730 Hortensii
543 2671 672 2746 fadum,
691 2672 838 2732 clarissimi
855 2689 943 2752 atque

260 2750 437 2811 ornatissimi
453 2751 508 2810 viri
528 2793 537 2821 ,
554 2767 615 2810 non
635 2753 881 2832 reprehendatur,
898 2769 945 2809 re·

260 2829 458 2913 prehendatur
481 2831 608 2888 meum?
633 2852 700 2890 nam
726 2835 749 2891 si
775 2834 876 2890 initum
901 2826 942 2889 est

260 2910 415 2974 consilium
438 2930 455 2968 a
471 2907 503 2968 P.
520 2907 598 2968 Sulla
611 2912 822 2972 inflammandae
842 2908 945 2969 civita-
