2617 4209
857 331 1056 406 PRO
1111 337 1187 404 L.
1243 337 1699 407 MVRENA.
1831 360 1968 433 321

611 444 694 514 ita
719 452 1074 512 moderabor
1106 497 1125 526 ‚
1159 469 1222 512 ut
1254 452 1619 512 meminerim
1651 472 1745 512 me
1779 471 1984 514 eontra

614 536 788 595 amici
820 531 1065 592 studium
1090 554 1199 613 pro
1233 534 1400 592 amici
1423 534 1676 612 periculo
1712 534 1928 594 dicere.

641 675 646 682 ,
699 613 782 674 V.
814 612 1084 694 Intelligo
1105 656 1124 687 ,
1159 612 1389 673 Judices
1412 657 1431 687 ‚
1454 629 1571 673 tres
1600 616 1778 674 totius
1812 635 1986 674 accu-

614 689 847 755 sationis
882 711 1075 775 partes
1116 691 1275 753 fuiss'e
1309 737 1332 768 ,
1375 694 1439 753 &
1480 713 1676 754 earum
1712 715 1889 754 unam
1924 698 1987 754 in

617 775 1074 856 reprehensione
1117 776 1254 834 vitae
1294 818 1316 847 ,
1356 774 1593 835 alteram
1632 777 1691 835 in
1733 792 1985 834 conten-

617 857 780 916 tione
816 854 875 914 di
915 856 1106 914 nitatis
1125 898 1145 928 ,
1165 855 1395 915 tertiam
1416 856 1473 913 in
1512 857 1838 915 criminibus
1864 876 1991 914 am-

618 935 774 997 bitus
825 875 938 996 effe
977 934 1280 995 versatam.
1324 934 1523 1014 Atque
1564 936 1767 995 harum
1809 936 1987 996 trium

619 1018 867 1099 partium
908 1018 1092 1096 prima
1128 1016 1226 1075 illa
1262 1057 1281 1088 ,
1327 1035 1453 1095 quae
1534 1017 1827 1077 ravissima
1870 1014 1987 1077 effe

624 1096 878 1158 debebat
913 1138 932 1169 ‚
973 1098 1051 1155 ita
1090 1094 1195 1154 fuit
1226 1092 1453 1154 infirma
1592 1097 1739 1158 levis
1761 1140 1780 1170 ,
1812 1113 1874 1157 ut
1913 1097 1992 1156 il·-

625 1179 715 1238 los
750 1179 844 1238 lex
881 1177 1064 1257 magis
1090 1173 1354 1255 quaedam
1394 1173 1735 1236 accusatoria
1756 1219 1776 1249 ‚
1814 1175 1993 1257 quam

624 1278 767 1321 vera
799 1256 1186 1317 maledicendi
1204 1253 1445 1315 facultas
1466 1301 1485 1329 ‚
1506 1256 1577 1316 de
1608 1258 1731 1316 vita
1752 1255 1819 1315 L.
1852 1257 1994 1316 Mu-

626 1358 782 1399 renae
817 1338 1011 1398 dicere
1051 1335 1264 1417 aliquid
1298 1338 1574 1417 coelgerit.
1620 1334 1870 1415 objecta
1911 1334 1995 1397 est

628 1421 785 1480 enim
819 1418 999 1492 Asia,
1040 1438 1168 1498 quae
1206 1416 1278 1476 ab
1318 1416 1434 1477 hoc
1466 1437 1587 1477 non
1621 1416 1696 1478 ad
1722 1417 1999 1497 volupta-

627 1516 754 1559 tem
788 1498 1157 1559 &luxuriam
1186 1500 1442 1577 expetita
1475 1496 1556 1558 est
1580 1539 1599 1572 ,
1621 1498 1721 1558 sed
1758 1500 1817 1557 in
1844 1497 1997 1557 mili-

630 1581 742 1637 tari
778 1577 982 1636 labore
1025 1593 1330 1657 peragrata
1364 1598 1379 1636 ε
1428 1580 1527 1657 qui
1567 1581 1613 1638 si
1656 1577 1997 1638 adolescens

679 1672 798 1715 atre
833 1655 936 1715 suo
977 1657 1331 1735 imperatore
1371 1677 1492 1715 non
1528 1656 1812 1718 meruisset
1838 1702 1860 1732 ‚
1897 1675 1999 1718 aut.

633 1679 863 1799 {ostem
884 1781 903 1811 ,
936 1751 1032 1794 aut
1057 1736 1232 1814 patris
1254 1736 1561 1814 imperium
1588 1735 1829 1797 timuiss'e
1849 1782 1868 1812 ‚
1898 1755 1999 1798 aut

635 1841 672 1879 a
701 1834 939 1897 parente
959 1814 1291 1896 repudiatus
1307 1813 1622 1876 videretur.
1658 1815 1794 1890 An,
1816 1838 1998 1897 quum

636 1899 840 1960 sedere
880 1897 940 1957 in
973 1897 1134 1977 equis
1164 1894 1638 1974 triumphantium
1679 1900 2003 1975 praetextati

637 1980 1004 2062 potissimum
1043 1974 1144 2035 filii
1175 1974 1432 2049 soleant,
1472 1974 1601 2034 huic
1639 1974 1807 2036 donis
1843 1977 2005 2036 mili-

638 2057 852 2118 taribus
884 2056 1062 2137 patris
1094 2054 1449 2136 triumphum
1481 2053 2015 2140 decoratffetfilgjeae

643 2139 783 2198 dum
815 2135 922 2197 fuit
939 2181 963 2210 ,
995 2151 1061 2196 ut
1087 2135 1257 2196 rebus
1284 2139 1681 2212 communiter.
1699 2161 1770 2202 1-'2
1787 2136 1867 2206 '‘,ff'f

641 2239 719 2281 ne
752 2218 919 2278 simul
941 2237 1079 2278 cum
1111 2234 1276 2297 patre
1300 2216 1641 2299 triumphur-
1722 2272 1724 2274 .

734 2318 825 2357 12.
862 2298 978 2358 Hic
1004 2300 1152 2358 verb
1172 2342 1193 2370 ‚
1220 2295 1491 2380 Judiscesg
1506 2299 1696 2379 M
1718 2360 1720 2362 ,
1798 2309 1810 2315 ’

645 2380 713 2442 &
749 2381 879 2442 viro
910 2377 1226 2439 fortissimo
1265 2420 1286 2451 ‚
1382 2399 1385 2400 ’
1418 2376 1575 2464 ‘21:523
1602 2379 1699 2418 ”

645 2457 983 2540 adjumento
1026 2460 1086 2520 iu
1119 2459 1276 2541 peric
1341 2460 1353 2471 ⁶
1405 2503 1425 2531 ,
1448 2454 1625 2540 fulgu
1728 2525 1737 2533 ‚.

644 2541 790 2615 bus,
824 2537 1190 2622 gratulationi
1205 2542 1264 2598 in
1283 2525 1526 2600 viciat-ia
1734 2559 1746 2566 “

647 2619 751 2678 bet
784 2619 928 2680 Asia
958 2620 1337 2702 suspicionem
1369 2619 1610 2692 lanf-⁴1]

654 2718 778 2759 non
803 2698 1004 2760 Asiam
1034 2721 1170 2760 num
1250 2722 1345 2760 am

662 2781 1028 2838 continenter
1047 2781 1165 2840 vixi
1260 2780 1358 2856 ,la
1382 2811 1421 2854 „-
1702 2793 1728 2802 ·’

664 2858 876 2924 obrem
901 2879 1026 2924 nou
1049 2857 1206 2926 Asiae
1227 2875 1497 2949 nomem„-
1575 2875 1645 2926 ··.-’
1685 2877 1689 2883 ’
