2617 4209
344 614 423 691 442
477 606 495 645 ··-
558 593 850 665 orario*

345 712 406 774 sola
419 719 571 792 'peteretur
589 729 597 768 ι
614 722 738 784 tamen,
758 708 938 792 mopinot,
954 709 1050 773 bane'

345 795 434 867 animi
452 793 675 862 remissionem,
690 791 924 851 humanissimam
943 813 978 853 ac
994 793 1034 853 li-

345 869 744 950 beatissimam-judicaretis.
761 870 839 933 Nam
856 887 961 933 ceterae
978 893 1034 933 ne·

346 973 405 1035 que
419 966 586 1034 temporum
602 951 688 1027 sunt,
708 972 803 1034 neque
824 968 941 1013 etatum
963 973 1035 1015 orn-

346 1035 448 1108 nium,
465 1054 561 1115 neque
578 1032 712 1093 locorum
723 1034 804 1092 :baec
816 1032 907 1094 studia
920 1033 1037 1094 adoles·

346 1114 472 1176 centiam
488 1115 590 1186 alunt,
606 1113 783 1174 senedutem
801 1113 969 1189 oblectant,
984 1115 1036 1175 se-

346 1194 658 1277 cundas'resomant‚
674 1193 802 1256 adversis
836 1195 979 1281 eringium
998 1216 1035 1256 ac

346 1274 478 1336 solatium
486 1282 498 1295 ⁶
509 1286 511 1293 '
524 1275 637 1348 aebem,
648 1273 791 1349 delediant
822 1277 899 1351 omi,
910 1296 974 1336 non
983 1277 1035 1335 im·

344 1355 474 1439 p'ediunt·
526 1359 569 1429 is,
604 1355 1037 1439 emodantnobiscum,pete-

348 1438 519 1518 g'rin'antur,
538 1374 713 1498 militamur:
737 1436 829 1516 Qubd
851 1439 875 1496 si
896 1438 903 1452 ‘
927 1439 953 1496 si
968 1437 1032 1499 haec

347 1532 445 1600 neque
462 1518 624 1601 attingere,
639 1515 833 1601 neqne'seniu
850 1458 949 1579 nollit>
967 1517 1035 1601 gus-

346 1613 410 1658 tare
430 1594 600 1679 possemus,
619 1614 717 1658 tamen
728 1600 773 1658 ‘ea
791 1599 887 1659 mirari
905 1597 1034 1658 debere-

348 1698 434 1749 mus,
450 1680 537 1738 etiam
552 1698 640 1758 quum
650 1680 680 1736 in
697 1679 756 1737 aliis
770 1679 947 1740 rideremus.
1018 1704 1024 1710 ·

389 1756 487 1821 VIII.
502 1757 577 1838 Quis
591 1756 721 1819 nostrdm
737 1776 796 1819 tam
815 1762 913 1820 animo
929 1755 1035 1843 agresti

347 1859 381 1900 ac
399 1836 473 1899 duro
489 1837 543 1910 fuit
558 1885 568 1913 ,
583 1855 616 1899 ut
632 1838 729 1899 Roscii
749 1858 846 1902 morte
861 1860 953 1922 mtper
971 1861 1035 1900 non

347 1919 606 1981 commoveretur?
616 1921 666 2001 qni
676 1924 766 2002 quum
779 1919 849 1982 ell'et
859 1920 946 1983 senex
954 1941 1036 1982 mor·

348 2017 434 2075 tuns,
452 2017 574 2075 tamen,
591 2018 714 2083 propter
731 2003 922 2065 excellentem
941 2020 1036 2063 trtem

347 2101 383 2140 ae
402 2079 608 2154 venustatem,
633 2080 933 2145 videbatnr'omnino
957 2085 1038 2144 mori

348 2182 410 2221 non
424 2161 560 2222 debuisse.
575 2161 654 2257 Ergo
666 2163 716 2223 ille
729 2167 859 2245 corporis
871 2181 955 2225 motu
968 2181 1036 2225 tan·

348 2258 411 2301 tum
427 2264 557 2304 amorem
575 2244 629 2303 sibi
647 2245 813 2305 conciliarat
830 2266 845 2304 a
865 2245 951 2306 nobis
966 2266 1037 2304 om·

348 2323 452 2383 nibus:
466 2345 519 2385 nos
538 2327 700 2385 animorum
717 2325 900 2386 incredibiles
916 2342 1036 2400 motus,

348 2405 585 2486 celeritatemque
611 2407 797 2488 ingeniorum
826 2427 864 2467 ne
884 2407 905 2466 li
926 2406 1038 2468 emus?

349 2483 480 2564 Quoties
497 2505 554 2569 ego
573 2484 649 2544 hunc
667 2485 805 2549 Archiam
822 2428 884 2549 titi
896 2428 1037 2561 ‚giudices

350 2563 440 2646 (utar
457 2568 534 2628 enim
557 2565 651 2627 vestri
674 2566 852 2653 benignitate
865 2586 883 2643 ,·
895 2570 1035 2651 quoniam

348 2648 444 2709 mein
462 2647 520 2706 ltoc
536 2669 618 2708 novo
636 2667 744 2730 genere
763 2648 879 2709 dicendi
893 2666 953 2711 tam
969 2648 1035 2708 dili·

346 2742 452 2811 genter
467 2727 639 2810 attenditis)
657 2731 769 2808 quoties
788 2750 845 2810 ego
859 2730 935 2790 hunc
949 2728 1032 2804 vidi,

346 2827 438 2888 quum
451 2807 577 2869 litteram
588 2807 737 2888 scripsillet
751 2811 858 2869 nullam
871 2857 881 2885 ‚
894 2830 1035 2894 magnum

345 2906 500 2948 numerum
517 2891 695 2969 optimorum
712 2889 845 2950 versuum
858 2893 896 2952 de
909 2893 950 2951 his
965 2893 1036 2972 ipsis

345 2967 453 3042 rebus,
467 2991 530 3050 quae
543 2990 604 3030 tum
619 2987 794 3051 egerentur,
809 2972 903 3033 dicere
915 2993 950 3033 ex
962 2989 1037 3032 tem·

341 3067 418 3126 pore
430 3049 442 3109 ἓ
453 3054 565 3132 quoties
575 3070 746 3111 revocatum
759 3053 894 3114 eamdem
908 3071 970 3113 rem
987 3053 1036 3110 di·

338 3145 427 3203 cere,
439 3135 623 3197 commutatis
632 3133 731 3198 verbis
741 3179 750 3211 ,
761 3152 850 3216 atque
861 3131 1031 3196 sententiis?

247 3344 332 3481 ἱ,
