2617 4209
374 356 452 435 294
544 340 614 409 On
628 360 654 410 A
669 359 692 411 τ
706 356 765 409 ιο
792 341 814 408 Ι
820 337 864 410 V.

424 477 498 529 orat
524 455 747 556 obtestaturque
768 506 780 539 ,
807 476 847 523 uc
867 452 962 522 omni
989 452 1059 522 alil

421 555 608 648 coplatione
634 548 776 649 omzffci,
810 551 900 619 nihil
932 550 1058 633 aliud,

425 647 519 743 quim
548 650 713 740 publicam
737 647 879 738 salutm
916 646 1058 739 dignita·

423 752 544 838 temque
573 746 634 814 sibi
659 746 693 811 in
722 745 914 813 decernendo
937 765 1059 833 propo·

425 864 520 911 nant.
541 844 758 912 humerus.

373 1093 399 1158 Ι.
416 1024 568 1159 Vluzo
580 1141 590 1172 ,
601 1092 702 1159 Palles
714 1092 887 1175 conscripti,
897 1093 929 1156 in
940 1111 990 1157 me
1003 1104 1058 1156 onti

373 1180 455 1238 nium
475 1177 602 1239 vestrim
616 1192 769 1258 oraatque
781 1174 888 1237 oculos
910 1172 968 1237 elle
988 1196 1057 1237 con-

374 1256 492 1319 versos:
513 1257 603 1319 video
620 1279 676 1321 vos
694 1278 755 1317 non
771 1253 865 1350 iollam
890 1254 930 1351 fle
946 1253 1059 1329 vestro,

373 1338 901 1508 ilm‘iliiilss‘iliiiie'ffi
914 1334 1059 1477 llll]

371 1494 424 1558 Est
446 1498 516 1558 milri
539 1497 665 1578 Jucunda
684 1500 714 1557 in
736 1496 848 1572 malis,
870 1496 1010 1579 &grata
1031 1498 1058 1555 'n

374 1576 508 1652 dolore,
534 1575 630 1640 vestra
654 1597 724 1659 erga
745 1596 794 1638 me
819 1574 960 1638 voluntas
983 1597 992 1636 ι
1014 1573 1058 1637 sed

373 1676 464 1733 eam,
483 1677 536 1741 per
554 1658 627 1718 deos
648 1655 849 1718 immortales!
872 1655 973 1738 quaeso
984 1701 995 1731 ‚
1008 1655 1058 1717 de·

372 1741 499 1819 ponite,
518 1756 606 1821 atque
625 1738 708 1799 obliti
724 1736 818 1797 salutis
832 1755 934 1809 meae,
952 1737 992 1799 de
1009 1758 1058 1798 vo·

370 1820 446 1893 bis,
466 1820 557 1881 aede
576 1819 673 1879 liberis
694 1816 794 1878 vestris
814 1837 850 1878 co
873 1818 956 1879 itate.
990 1816 1058 1877 Mihi

373 1903 398 1960 si
418 1900 481 1962 haec
506 1900 639 1962 vconditio
665 1896 827 1959 consulatits
848 1837 920 1957 iata
940 1894 1011 1972 est,
1031 1912 1058 1956 ut

240 1975 249 1987 ’
313 1983 315 1987 ⁴
370 2002 476 2041 omnes
494 1981 663 2041 acerbitates
676 2025 687 2051 ,
699 1999 803 2047 omnes
823 1977 973 2052 dolores,
996 1998 1056 2038 cru-

367 2061 518 2143 ciatusque
568 2060 735 2132 erferrenr3
763 2058 855 2118 feram
881 2080 945 2119 non
972 2058 1057 2120 solum

371 2141 487 2202 fortiter
506 2186 515 2214 ,
548 2142 586 2200 ed
606 2144 694 2201 etiam
712 2139 864 2212 libenter,
894 2139 1056 2201 dummodo

371 2223 445 2283 meis
461 2222 631 2295 laboribus,
651 2222 737 2281 vobis
756 2222 931 2302 populoque
951 2221 1056 2288 Rotna-¹

371 2323 413 2363 no
432 2303 460 2363 di
482 2308 576 2375 nitas,
597 2301 724 2383 salusque
743 2304 880 2382 pariatur.

414 2404 441 2443 2.
462 2325 527 2467 {go
549 2383 611 2443 sum
629 2383 679 2445 ille
703 2381 830 2457 consul,
855 2380 962 2441 Patres
988 2401 1057 2441 con·

372 2462 496 2541 scripti,
522 2468 568 2523 cui
592 2486 654 2524 non
681 2462 778 2524 forum
799 2507 809 2536 ,
829 2463 860 2521 in
882 2483 946 2543 quo
969 2462 1057 2522 omnis

372 2545 490 2622 aequitas
507 2546 670 2605 continetur
680 2564 690 2616 ;
712 2566 773 2604 non
790 2564 910 2623 campus
927 2587 939 2617 ,
961 2541 1057 2604 consu·

370 2623 476 2682 laribus
494 2622 621 2703 auspiciis
646 2623 826 2686 consecratus
845 2643 855 2696 ;
876 2644 942 2682 non
964 2626 1056 2693 cutia,

372 2702 513 2764 summum
534 2705 669 2764 auxilium
686 2708 815 2765 omnium
833 2706 991 2787 gentium3
1005 2722 1058 2763 non

370 2784 474 2846 domus
484 2831 493 2861 ‚
503 2805 661 2848 commune
671 2785 834 2869 perfugium
848 2806 858 2861 ;
870 2805 935 2848 non
952 2784 1057 2858 lellus,
