2617 4209
385 377 459 450 182
559 372 786 445 Ouarto
825 369 890 444 II.

379 510 445 554 rum
465 490 627 554 vestrorum
650 488 786 570 sanguine
806 479 976 550 &sudore
997 507 1070 574 qua·

379 577 460 646 sita,
479 590 511 634 ut
533 573 668 634 Sullanos
692 564 868 650 poffeffores
892 570 1008 633 divitiis
1027 579 1070 632 'au-

381 655 493 737 geatis,
533 655 642 714 ericulo
662 647 814 711 liberetis?

418 752 469 810 70.
522 756 569 794 am
588 734 625 794 ad
646 732 720 791 hanc
736 730 931 810 emptionem
953 728 1067 792 decem·

379 815 502 875 vitalem
530 816 589 875 duo
616 832 723 897 genera
747 828 892 890 agrotum
915 809 1068 891 speflant,

382 894 543 974 Quirites:
571 915 674 955 eorum
696 910 786 949 unum
809 932 819 962 ,
846 907 984 972 propter
1004 892 1068 952 invi·

383 975 482 1050 diam,
505 974 615 1036 domini
634 973 767 1055 fugium
786 969 939 1043 alterum,
961 989 1069 1053 propter

380 1054 555 1116 vastitatem.
577 1054 709 1116 Sullanus
728 1069 817 1134 aget,
835 1071 855 1110 a
878 1053 973 1111 certis
987 1053 1068 1114 homi·

379 1137 465 1198 nibus
488 1136 622 1196 latissime
643 1133 828 1195 continuatus
847 1175 861 1203 ,
889 1148 1010 1194 tantam
1028 1133 1068 1192 ht·

379 1217 432 1278 bet
456 1218 595 1278 invidiam
616 1260 626 1289 ,
649 1230 682 1275 ut
704 1213 769 1272 veri
792 1229 827 1270 ac
858 1209 953 1273 fortis
977 1212 1068 1275 uibuui

380 1297 474 1378 plebis
492 1296 644 1358 stridorem
665 1312 755 1355 unum
767 1288 907 1372 perferre
927 1315 996 1356 uon
1012 1314 1068 1377 put·

380 1378 446 1436 eit:
473 1376 523 1437 -hic
555 1397 624 1461 ager
652 1375 781 1446 omnis,
812 1391 948 1468 quoquo
985 1377 1067 1458 pretio

379 1459 533 1536 coimptus
561 1460 615 1517 erit
640 1498 651 1528 ,
690 1472 791 1514 tamen
824 1456 952 1536 ingenti
993 1477 1068 1539 pecu·

379 1537 429 1597 nii
452 1537 539 1598 vobis
562 1536 724 1596 inducetur.
756 1531 900 1594 Alterum
930 1555 1026 1620 genus
1046 1557 1069 1598 a·

381 1636 501 1699 giorum
521 1659 531 1689 ,
556 1634 679 1699 propter
704 1613 887 1675 sterilitatem
907 1617 1068 1692 incultum,

380 1715 502 1778 propter
519 1696 712 1779 pestilentiam
729 1692 846 1757 vastum
865 1714 966 1779 atque
987 1699 1068 1762 dese·

381 1794 466 1852 tum,
489 1799 603 1840 emetur
620 1778 667 1838 ab·
677 1780 710 1836 iis
724 1819 734 1849 ,
753 1777 803 1856 qui
819 1794 878 1837 eos
897 1780 1012 1843 vident
1028 1780 1068 1842 siu

383 1857 467 1933 effe,
489 1862 594 1920 sinon
614 1855 800 1918 vendiderint
821 1899 832 1929 ‚
855 1857 1068 1943 relinquendus·

382 1936 422 1999 Et
440 1942 572 2006 nimirum
590 1937 663 2000 istud
676 1933 737 2011 est,
753 1936 835 2016 quod
855 1938 895 1997 ab
913 1940 980 2003 hoc
997 1944 1069 2003 trib:-

382 2041 423 2080 no
445 2022 538 2101 plebis
556 2021 662 2081 diuum
680 2016 720 2080 est
737 2019 766 2076 in
786 2014 890 2078 senatu
909 2041 922 2094 ;
941 2024 1068 2084 urbanam

381 2101 501 2180 plebem
526 2103 646 2160 nimium
668 2102 697 2158 in
716 2097 868 2178 republica
886 2100 1008 2181 poss'e:
1033 2124 1069 2163 ex·

382 2182 561 2241 hauriendam
593 2178 642 2258 effe
667 2201 676 2239 :
703 2179 760 2237 ho'c
792 2180 875 2238 enim
904 2185 1010 2247 verbo
1037 2178 1067 2244 est

383 2259 469 2335 usus;
487 2263 567 2342 quasi
583 2261 621 2320 de
638 2259 733 2341 aliqua
749 2257 885 2332 sentina,
907 2284 948 2325 ac
967 2263 1069 2328 nonde

383 2360 570 2482 ορὲιζηῖῧιιῆ
580 2343 688 2482 ‘iiim
703 2339 1027 2499 gegeredgqueretut.

572 2465 581 2482 .
635 2443 669 2483 os
686 2441 739 2482 ver
772 2462 781 2491 ‚
860 2443 949 2485 tries
996 2441 1068 2488 sime

382 2500 483 2562 audire
498 2502 605 2575 vultis,
624 2504 747 2562 retinete
760 2498 843 2560 istam
861 2472 1069 2581 poffes’sioneu
1086 2547 1090 2556 ·

384 2584 503 2665 gratiae‚
523 2582 682 2655 libertatis,
702 2578 904 2661 suffragiorum
924 2631 937 2661 ‚
962 2579 1089 2673 dignita-i

384 2665 442 2736 tis,
460 2662 559 2735 urbis,
575 2659 654 2735 fori,
674 2660 832 2735 ludorum,
853 2660 1009 2729 festorum
1025 2669 1072 2729 die·

385 2761 472 2815 tum,
493 2759 658 2802 ceterorum
678 2744 809 2802 omnium
824 2750 1072 2812 commodorum:

385 2826 440 2883 nisi
458 2822 533 2884 forte
553 2823 710 2895 mavultis,
728 2820 831 2882 relitiis
849 2822 896 2884 his
913 2832 1030 2905 rebus,
1042 2845 1073 2889 at·

385 2923 444 2985 que
471 2904 526 2966 hac
551 2903 616 2965 luce
642 2901 804 2983 reipublicae
824 2946 838 2975 ,
864 2908 898 2966 iu
927 2910 1074 2995 Sipontiut
