2617 4209
523 913 600 1003 P
646 916 740 1006 ,R
792 914 886 1004 Ο
996 915 1100 1003 Ρ·
1211 917 1282 1006 S
1332 911 1435 1005 U
1480 917 1565 1002 L
1617 915 1697 1001 L
1736 909 1865 1006 A.

595 1097 930 1164 ORATIO
969 1099 1383 1163 VIGESIMA
1422 1099 1813 1182 QUARTA.

489 1221 628 1332 M.
653 1263 885 1352 Lepido
909 1262 1068 1330 &L
1095 1263 1393 1332 Volcatio
1416 1257 1565 1358 coffi
1588 1261 1671 1331 P.
1692 1265 1881 1330 Sulla

617 1359 677 1425 6·
729 1360 813 1429 P.
869 1362 1288 1439 Autronius,
1360 1360 1677 1454 designati
1732 1355 1877 1468 coffi

617 1457 906 1522 damnati
932 1454 1194 1543 fuerant
1235 1457 1308 1522 de
1352 1455 1643 1539 ambitu,
1690 1454 1750 1520 6·
1802 1459 1873 1521 in

416 1602 454 1634 a
621 1575 828 1618 eorum
880 1554 1080 1617 locum
1128 1550 1507 1640 accusatores
1550 1551 1625 1620 L.
1680 1551 1867 1620 Cotta

416 1659 451 1714 ‘e
629 1642 698 1715 6·
766 1651 852 1716 L.
911 1643 1262 1732 Torquatus
1309 1691 1333 1723 ,
1390 1647 1535 1736 legis
1594 1647 1833 1732 benefic'
1797 1672 1873 1712 ἰο

416 1718 458 1888 ἑ
596 1736 1036 1837 succeffirant.
1059 1735 1203 1806 Hoc
1207 1737 1537 1827 Judtctum
1558 1765 1711 1806 mox
1734 1765 1879 1808 con-

416 1890 444 1916 ,
586 1838 830 1925 ficuta
862 1856 994 1906 erat
1010 1836 1224 1925 prima
1261 1835 1559 1902 Catilina
1590 1833 1883 1920 conjura-

416 1943 457 2072 ,Ξ
589 1935 713 2002 tio
741 1981 763 2016 ,
809 1957 937 2024 qua
971 1931 1329 2021 consulibus
1364 1926 1431 1998 ἃ
1454 1929 1757 2020 plerisque
1776 1931 1883 2022 Je-

607 2030 958 2098 natoribus
999 2026 1319 2118 conjurati
1352 2027 1691 2114 perniciem
1740 2051 1883 2093 ma·-

607 2125 1072 2194 clzin'abantur.
1082 2122 1274 2230 Post
1309 2123 1651 2190 triennium
1697 2125 1887 2190 altera

623 2219 925 2289 Catilina
945 2217 1296 2331 conjuratio
1318 2217 1389 2287 in
1412 2219 1744 2310 consulatu
1772 2220 1885 2287 Ci-

609 2319 868 2387 ceronis
901 2319 1123 2406 erupit.
1176 2317 1395 2406 Quum
1432 2316 1665 2406 conscii
1692 2319 1881 2404 pleri-

597 2440 732 2505 que
773 2438 1012 2504 poenas
1050 2409 1410 2509 dediſjint,
1452 2411 1531 2481 L.
1576 2412 1881 2503 Torquati

575 2511 791 2594 filius
817 2510 1172 2602 adolescens
1206 2509 1288 2575 P.
1326 2509 1525 2575 Sullae
1551 2533 1773 2576 nomen
1802 2512 1875 2576 de

627 2623 882 2693 utraque
949 2609 1064 2673 illa
1135 2605 1567 2716 conjuratione
1634 2607 1881 2672 detulit.

629 2697 875 2768 Prioris
913 2691 1419 2786 conjurationis«,
1392 2725 1617 2769 nmen
1626 2702 1887 2789 propul

566 2794 797 2880 ,favit
841 2794 927 2882 Q.
957 2794 1372 2879 Hortensius,
1418 2798 1527 2886 qui
1570 2819 1703 2863 tum
1732 2817 1887 2882 prae-

579 2892 771 2977 fias
797 2888 1090 2979 adfuerat
1109 2938 1134 2972 ,
1173 2917 1355 2980 quum
1398 2893 1469 2957 de
1502 2916 1576 2959 ea
1602 2913 1889 2977 quaerere-
