2617 4209
423 320 544 401 mr.
571 323 877 397 CArrrrrrArr.
918 350 992 422 259

309 438 443 503 sodalem
459 437 539 503 fuille
556 459 780 504 commemoret.
807 438 907 524 Atque
917 444 997 504 idem

308 537 412 584 tamen
431 563 441 598 ‚
466 520 629 603 stuprorum
648 522 838 585 &scelerum
857 527 1000 585 exercita·

308 605 395 665 tione
417 600 604 680 effuderim,
626 600 760 686 frigore,
780 605 812 666 &
834 604 912 667 fame
933 649 943 679 ,
966 606 1000 666 δι

308 683 380 759 siti,
396 704 430 744 ae
447 683 552 765 vigiliis
567 680 767 763 perferendis,
785 682 868 745 fortis
885 686 921 746 ab
941 683 1000 745 istis

306 762 549 845 predicabatur,
571 784 662 844 quum
681 764 824 825 industrior
847 764 969 825 subsidia
986 811 999 841 ,

309 849 401 984 sepire
420 842 607 905 instrumenta
630 846 743 906 virtutis
761 885 775 918 ,
794 847 825 906 in
850 846 998 923 libidine,

308 944 347 986 au
369 925 428 984 acia
450 943 486 985 ue
507 922 699 985 consumeret.

308 1066 312 1074 ,
354 1022 404 1064 ιο.
457 1025 512 1063 unc
529 1004 605 1065 verb
630 1006 653 1064 si
677 1002 718 1065 sui
742 998 850 1067 fuerint
873 1007 998 1068 comites

308 1080 421 1145 secuti:
444 1085 468 1144 si
487 1104 524 1145 ex
544 1084 616 1145 urbe
638 1085 760 1145 exierint
779 1085 997 1166 desperatorum

308 1161 462 1226 hominum
478 1165 614 1246 flagitiosi
631 1167 754 1247 greges?
768 1163 788 1225 ὂ
802 1187 857 1227 nos
871 1165 996 1239 beatos,

310 1242 330 1305 ὂ
348 1244 557 1326 rempublicam
574 1243 749 1305 fortunatam
764 1265 774 1317 3
795 1245 997 1327 dpraeclaram

309 1323 428 1388 leudem
447 1321 610 1387 consulatis
630 1328 689 1387 mei
710 1327 719 1385 l
742 1324 814 1385 Non
838 1328 916 1387 enim
935 1323 997 1406 jam

308 1403 379 1466 sunt·
394 1406 557 1468 mediocres
576 1405 729 1469 hominum
748 1405 883 1468 libidines
902 1452 913 1479 ,
934 1426 997 1468 non

308 1483 442 1548 humenae
459 1487 605 1562 audacie,
618 1508 652 1548 ac
667 1485 845 1549 tolerandae:
861 1486 931 1546 nihil
943 1509 996 1549 co·

308 1567 421 1648 girant,
439 1569 494 1626 nisi
508 1567 621 1639 credes,
637 1568 692 1628 nisi
710 1567 863 1641 incendia,
878 1570 931 1627 nisi
948 1590 994 1629 ra·

308 1648 411 1728 pinas:
425 1648 598 1727 patrimonia
608 1644 656 1705 sua
669 1645 878 1729 profuderunt:
897 1647 994 1710 fortu-

309 1747 364 1786 nas
386 1725 448 1786 sues
471 1726 705 1809 obligurierunt:
728 1747 775 1788 res
799 1746 852 1789 eos
871 1725 931 1809 jam
953 1732 995 1792 ri·-

307 1806 401 1881 dem,
416 1804 490 1867 fides
506 1806 631 1869 deficere
649 1827 742 1903 nuper
758 1810 864 1889 coepit:
887 1751 993 1873 cariem

308 1903 411 1948 tamen
429 1887 500 1961 illa,
522 1910 586 1971 quae
605 1904 667 1950 erat
687 1910 717 1947 rn
738 1887 934 1964 abundantia,
955 1892 995 1951 li-

307 1967 383 2027 bido
442 1986 565 2029 rmanet.
588 1966 681 2046 Qudd
698 1969 767 2026 siin
786 1970 856 2027 vino
878 1969 911 2027 δι
932 1970 994 2031 alea

307 2066 397 2109 come
421 2052 532 2110 ationes
543 2047 653 2118 soldm,
669 2046 803 2106 &scorta
815 2066 996 2127 quaererent,

308 2126 403 2189 effent
423 2128 465 2187 illi
483 2127 601 2209 quidem
617 2127 807 2207 desperandi,
826 2126 877 2187 sed
895 2145 994 2191 tamen

308 2206 402 2270 ess'ent
419 2208 550 2269 ferendi:
569 2208 627 2269 hoc
646 2208 721 2268 veri>
741 2209 803 2289 quis
822 2207 898 2269 ferre
921 2231 994 2291 pos-

308 2291 365 2362 sit,
384 2291 491 2351 inertes
508 2287 640 2349 homines
659 2286 820 2348 fortissimis
837 2291 907 2350 viris
926 2293 994 2350 insi-

308 2369 399 2443 diari,
422 2368 599 2430 stultissimos
622 2368 873 2449 prudentissimis,
896 2370 993 2432 ebrios

308 2448 430 2520 sobriis,
450 2448 629 2510 dormientes
649 2449 855 2531 vigilantibus?
875 2454 923 2531 qui
936 2456 993 2513 mi-

308 2530 341 2589 lri
361 2528 532 2590 accubantes
546 2532 576 2589 in
586 2531 749 2603 conviviis,
768 2530 916 2612 complexi
929 2554 993 2593 mu·

307 2609 395 2669 lieres
412 2609 591 2689 impudicas,
609 2613 681 2670 vino
701 2610 847 2692 languidi,
867 2612 993 2674 conferti

309 2688 379 2747 cibo
399 2732 409 2759 ,
427 2688 505 2750 sertis
527 2692 653 2752 redimiri
671 2736 681 2765 ,
702 2713 739 2751 un
762 2695 855 2752 uentis
879 2693 992 2765 obliti,

308 2767 452 2828 debilitati
467 2768 587 2851 stupris,
602 2771 728 2832 erudiant
742 2713 922 2832 {ermonihus
938 2768 995 2829 suis

308 2848 423 2910 eedem
439 2850 606 2927 bonorum,
623 2869 710 2933 atque
724 2853 800 2913 urbis
815 2849 963 2913 incendia.
