<?xml version="1.0" encoding="UTF-8"?>
<!DOCTYPE html PUBLIC "-//W3C//DTD XHTML 1.0 Transitional//EN"
    "http://www.w3.org/TR/xhtml1/DTD/xhtml1-transitional.dtd">
<html xmlns="http://www.w3.org/1999/xhtml" xml:lang="en" lang="en">
 <head>
  <title>
</title>
<meta http-equiv="Content-Type" content="text/html;charset=utf-8" />
  <meta name='ocr-system' content='tesseract 3.04.00' />
  <meta name='ocr-capabilities' content='ocr_page ocr_carea ocr_par ocr_line ocrx_word'/>
</head>
<body>
  <div class='ocr_page' id='page_1' title='image "./mtulliiciceroni08lallgoog_0239.png"; bbox 0 0 2617 4209; ppageno 0'>
   <div class='ocr_carea' id='block_1_1' title="bbox 289 421 868 513">
    <p class='ocr_par' dir='ltr' id='par_1_1' title="bbox 289 421 868 513">
     <span class='ocr_line' id='line_1_1' title="bbox 289 421 868 513; baseline -0.007 -20"><span class='ocrx_word' id='word_1_1' title='bbox 289 426 340 495; x_wconf 82' lang='lat' dir='ltr'>ln</span> <span class='ocrx_word' id='word_1_2' title='bbox 369 421 407 493; x_wconf 87' lang='lat' dir='ltr'>L.</span> <span class='ocrx_word' id='word_1_3' title='bbox 441 422 754 490; x_wconf 74' lang='lat' dir='ltr'><em>CATILINAM.</em></span> <span class='ocrx_word' id='word_1_4' title='bbox 794 439 868 513; x_wconf 82' lang='lat'>235</span> 
     </span>
    </p>
   </div>
   <div class='ocr_carea' id='block_1_2' title="bbox 289 531 876 1824">
    <p class='ocr_par' dir='ltr' id='par_1_2' title="bbox 289 531 876 1824">
     <span class='ocr_line' id='line_1_2' title="bbox 292 531 871 622; baseline -0.012 -22"><span class='ocrx_word' id='word_1_5' title='bbox 292 537 400 622; x_wconf 83' lang='lat' dir='ltr'>jussero</span> <span class='ocrx_word' id='word_1_6' title='bbox 416 557 426 611; x_wconf 90' lang='lat'>;</span> <span class='ocrx_word' id='word_1_7' title='bbox 444 536 533 599; x_wconf 86' lang='lat' dir='ltr'>credo</span> <span class='ocrx_word' id='word_1_8' title='bbox 544 580 554 610; x_wconf 87' lang='lat'>‚</span> <span class='ocrx_word' id='word_1_9' title='bbox 566 536 620 597; x_wconf 86' lang='lat' dir='ltr'>erit</span> <span class='ocrx_word' id='word_1_10' title='bbox 636 531 801 594; x_wconf 85' lang='lat' dir='ltr'>verendum</span> <span class='ocrx_word' id='word_1_11' title='bbox 810 534 871 593; x_wconf 88' lang='lat' dir='ltr'>mi·</span> 
     </span>
     <span class='ocr_line' id='line_1_3' title="bbox 289 611 869 699; baseline -0.014 -18"><span class='ocrx_word' id='word_1_12' title='bbox 289 640 368 681; x_wconf 85' lang='lat' dir='ltr'>tnon</span> <span class='ocrx_word' id='word_1_13' title='bbox 383 620 440 679; x_wconf 88' lang='lat' dir='ltr'>hoc</span> <span class='ocrx_word' id='word_1_14' title='bbox 459 619 556 699; x_wconf 78' lang='lat' dir='ltr'>potiiis</span> <span class='ocrx_word' id='word_1_15' title='bbox 576 634 681 677; x_wconf 83' lang='lat' dir='ltr'>omnes</span> <span class='ocrx_word' id='word_1_16' title='bbox 698 615 769 674; x_wconf 89' lang='lat' dir='ltr'>boni</span> <span class='ocrx_word' id='word_1_17' title='bbox 781 611 869 673; x_wconf 67' lang='lat' dir='ltr'>seriis</span> 
     </span>
     <span class='ocr_line' id='line_1_4' title="bbox 289 691 869 783; baseline -0.016 -22"><span class='ocrx_word' id='word_1_18' title='bbox 289 745 297 774; x_wconf 87' lang='lat'>‚</span> <span class='ocrx_word' id='word_1_19' title='bbox 319 699 407 783; x_wconf 65' lang='lat' dir='ltr'>quim</span> <span class='ocrx_word' id='word_1_20' title='bbox 468 695 577 781; x_wconf 86' lang='lat' dir='ltr'>&#39;squam</span> <span class='ocrx_word' id='word_1_21' title='bbox 599 693 743 756; x_wconf 80' lang='lat' dir='ltr'>crudelihs</span> <span class='ocrx_word' id='word_1_22' title='bbox 761 691 869 754; x_wconf 64' lang='lat' dir='ltr'>fastum</span> 
     </span>
     <span class='ocr_line' id='line_1_5' title="bbox 289 771 873 860; baseline -0.014 -19"><span class='ocrx_word' id='word_1_23' title='bbox 289 797 350 842; x_wconf 26' lang='lat' dir='ltr'>icat.</span> <span class='ocrx_word' id='word_1_24' title='bbox 369 779 400 839; x_wconf 96' lang='lat' dir='ltr'>V</span> <span class='ocrx_word' id='word_1_25' title='bbox 455 800 483 840; x_wconf 86' lang='lat' dir='ltr'>m</span> <span class='ocrx_word' id='word_1_26' title='bbox 501 798 559 860; x_wconf 84' lang='lat' dir='ltr'>ego</span> <span class='ocrx_word' id='word_1_27' title='bbox 571 777 649 850; x_wconf 80' lang='lat' dir='ltr'>hoc,</span> <span class='ocrx_word' id='word_1_28' title='bbox 663 771 873 858; x_wconf 76' lang='lat' dir='ltr'><strong>qubdjampri·</strong></span> 
     </span>
     <span class='ocr_line' id='line_1_6' title="bbox 289 854 872 940; baseline -0.012 -18"><span class='ocrx_word' id='word_1_29' title='bbox 289 860 382 922; x_wconf 68' lang='lat' dir='ltr'>‘atium</span> <span class='ocrx_word' id='word_1_30' title='bbox 399 857 456 921; x_wconf 82' lang='lat' dir='ltr'>effe</span> <span class='ocrx_word' id='word_1_31' title='bbox 472 860 622 940; x_wconf 82' lang='lat' dir='ltr'>oportuit,</span> <span class='ocrx_word' id='word_1_32' title='bbox 638 874 719 917; x_wconf 78' lang='lat' dir='ltr'>certa</span> <span class='ocrx_word' id='word_1_33' title='bbox 734 855 772 916; x_wconf 87' lang='lat' dir='ltr'>de</span> <span class='ocrx_word' id='word_1_34' title='bbox 789 854 872 916; x_wconf 83' lang='lat' dir='ltr'>causa</span> 
     </span>
     <span class='ocr_line' id='line_1_7' title="bbox 293 936 872 1018; baseline -0.01 -16"><span class='ocrx_word' id='word_1_35' title='bbox 293 963 323 1002; x_wconf 83' lang='lat' dir='ltr'>tn</span> <span class='ocrx_word' id='word_1_36' title='bbox 340 940 471 1001; x_wconf 85' lang='lat' dir='ltr'><strong>adducor</strong></span> <span class='ocrx_word' id='word_1_37' title='bbox 481 959 512 1000; x_wconf 92' lang='lat' dir='ltr'>ut</span> <span class='ocrx_word' id='word_1_38' title='bbox 530 938 652 998; x_wconf 83' lang='lat' dir='ltr'>faciam:</span> <span class='ocrx_word' id='word_1_39' title='bbox 664 953 729 998; x_wconf 75' lang='lat' dir='ltr'>tunt</span> <span class='ocrx_word' id='word_1_40' title='bbox 743 936 872 1018; x_wconf 85' lang='lat' dir='ltr'>denique</span> 
     </span>
     <span class='ocr_line' id='line_1_8' title="bbox 289 1018 871 1102; baseline -0.012 -20"><span class='ocrx_word' id='word_1_41' title='bbox 289 1023 364 1082; x_wconf 86' lang='lat' dir='ltr'>ciere</span> <span class='ocrx_word' id='word_1_42' title='bbox 383 1064 393 1094; x_wconf 92' lang='lat'>,</span> <span class='ocrx_word' id='word_1_43' title='bbox 415 1041 505 1102; x_wconf 90' lang='lat' dir='ltr'>quum</span> <span class='ocrx_word' id='word_1_44' title='bbox 530 1018 590 1097; x_wconf 87' lang='lat' dir='ltr'>jatn</span> <span class='ocrx_word' id='word_1_45' title='bbox 612 1038 701 1078; x_wconf 87' lang='lat' dir='ltr'>nemo</span> <span class='ocrx_word' id='word_1_46' title='bbox 725 1034 787 1076; x_wconf 81' lang='lat' dir='ltr'>tam</span> <span class='ocrx_word' id='word_1_47' title='bbox 810 1019 871 1076; x_wconf 89' lang='lat' dir='ltr'>im·</span> 
     </span>
     <span class='ocr_line' id='line_1_9' title="bbox 289 1097 874 1182; baseline -0.012 -20"><span class='ocrx_word' id='word_1_48' title='bbox 289 1124 328 1173; x_wconf 72' lang='grc' dir='ltr'>ε,</span> <span class='ocrx_word' id='word_1_49' title='bbox 346 1119 407 1161; x_wconf 81' lang='lat' dir='ltr'>tam</span> <span class='ocrx_word' id='word_1_50' title='bbox 425 1100 572 1182; x_wconf 81' lang='lat' dir='ltr'>perditus,</span> <span class='ocrx_word' id='word_1_51' title='bbox 590 1115 650 1157; x_wconf 80' lang='lat' dir='ltr'>tam</span> <span class='ocrx_word' id='word_1_52' title='bbox 666 1100 707 1158; x_wconf 85' lang='lat' dir='ltr'>tui</span> <span class='ocrx_word' id='word_1_53' title='bbox 720 1097 817 1157; x_wconf 82' lang='lat' dir='ltr'>similis</span> <span class='ocrx_word' id='word_1_54' title='bbox 831 1099 874 1156; x_wconf 90' lang='lat' dir='ltr'>in·</span> 
     </span>
     <span class='ocr_line' id='line_1_10' title="bbox 296 1175 873 1262; baseline -0.005 -21"><span class='ocrx_word' id='word_1_55' title='bbox 296 1184 425 1262; x_wconf 84' lang='lat' dir='ltr'>poterit,</span> <span class='ocrx_word' id='word_1_56' title='bbox 439 1182 487 1260; x_wconf 92' lang='lat' dir='ltr'>qui</span> <span class='ocrx_word' id='word_1_57' title='bbox 503 1180 533 1238; x_wconf 88' lang='lat' dir='ltr'>id</span> <span class='ocrx_word' id='word_1_58' title='bbox 551 1199 611 1237; x_wconf 92' lang='lat' dir='ltr'>non</span> <span class='ocrx_word' id='word_1_59' title='bbox 622 1176 684 1256; x_wconf 82' lang='lat' dir='ltr'>jure</span> <span class='ocrx_word' id='word_1_60' title='bbox 697 1177 804 1237; x_wconf 60' lang='lat' dir='ltr'>saelum</span> <span class='ocrx_word' id='word_1_61' title='bbox 815 1175 873 1238; x_wconf 81' lang='lat' dir='ltr'>esse</span> 
     </span>
     <span class='ocr_line' id='line_1_11' title="bbox 290 1258 874 1341; baseline -0.009 -19"><span class='ocrx_word' id='word_1_62' title='bbox 290 1283 328 1322; x_wconf 79' lang='lat' dir='ltr'>tr.</span> <span class='ocrx_word' id='word_1_63' title='bbox 348 1260 499 1341; x_wconf 84' lang='lat' dir='ltr'><strong>Quamdiu</strong></span> <span class='ocrx_word' id='word_1_64' title='bbox 518 1258 666 1341; x_wconf 81' lang='lat' dir='ltr'>quii&#39;quam</span> <span class='ocrx_word' id='word_1_65' title='bbox 681 1262 756 1332; x_wconf 84' lang='lat' dir='ltr'>erit,</span> <span class='ocrx_word' id='word_1_66' title='bbox 774 1260 824 1338; x_wconf 84' lang='lat' dir='ltr'>qui</span> <span class='ocrx_word' id='word_1_67' title='bbox 842 1274 874 1318; x_wconf 87' lang='lat' dir='ltr'>te</span> 
     </span>
     <span class='ocr_line' id='line_1_12' title="bbox 290 1340 876 1414; baseline -0.007 -12"><span class='ocrx_word' id='word_1_68' title='bbox 290 1342 355 1404; x_wconf 82' lang='lat' dir='ltr'>iere</span> <span class='ocrx_word' id='word_1_69' title='bbox 369 1340 494 1414; x_wconf 85' lang='lat' dir='ltr'>audeat,</span> <span class='ocrx_word' id='word_1_70' title='bbox 505 1342 592 1401; x_wconf 80' lang='lat' dir='ltr'>vives</span> <span class='ocrx_word' id='word_1_71' title='bbox 605 1362 614 1413; x_wconf 90' lang='lat'>;</span> <span class='ocrx_word' id='word_1_72' title='bbox 626 1341 659 1400; x_wconf 90' lang='lat'>&amp;</span> <span class='ocrx_word' id='word_1_73' title='bbox 671 1343 755 1400; x_wconf 84' lang='lat' dir='ltr'>vives</span> <span class='ocrx_word' id='word_1_74' title='bbox 766 1341 806 1398; x_wconf 87' lang='lat' dir='ltr'>ita</span> <span class='ocrx_word' id='word_1_75' title='bbox 819 1381 830 1408; x_wconf 90' lang='lat'><strong>,</strong></span> <span class='ocrx_word' id='word_1_76' title='bbox 842 1357 876 1398; x_wconf 86' lang='lat' dir='ltr'>nt</span> 
     </span>
     <span class='ocr_line' id='line_1_13' title="bbox 290 1419 872 1500; baseline -0.005 -17"><span class='ocrx_word' id='word_1_77' title='bbox 290 1425 384 1497; x_wconf 85' lang='lat' dir='ltr'>vivis,</span> <span class='ocrx_word' id='word_1_78' title='bbox 402 1420 498 1482; x_wconf 85' lang='lat' dir='ltr'>multis</span> <span class='ocrx_word' id='word_1_79' title='bbox 514 1423 606 1494; x_wconf 85' lang='lat' dir='ltr'>meis,</span> <span class='ocrx_word' id='word_1_80' title='bbox 626 1419 759 1482; x_wconf 84' lang='lat' dir='ltr'>&amp;firmis</span> <span class='ocrx_word' id='word_1_81' title='bbox 774 1421 872 1500; x_wconf 76' lang='lat' dir='ltr'>praesi·</span> 
     </span>
     <span class='ocr_line' id='line_1_14' title="bbox 290 1501 872 1578; baseline -0.003 -15"><span class='ocrx_word' id='word_1_82' title='bbox 290 1501 414 1578; x_wconf 81' lang='lat' dir='ltr'>bseffns,</span> <span class='ocrx_word' id='word_1_83' title='bbox 434 1524 474 1564; x_wconf 88' lang='lat' dir='ltr'>ne</span> <span class='ocrx_word' id='word_1_84' title='bbox 499 1521 691 1564; x_wconf 82' lang='lat' dir='ltr'>commovere</span> <span class='ocrx_word' id='word_1_85' title='bbox 714 1518 745 1562; x_wconf 89' lang='lat' dir='ltr'>te</span> <span class='ocrx_word' id='word_1_86' title='bbox 768 1521 872 1561; x_wconf 81' lang='lat' dir='ltr'>contra</span> 
     </span>
     <span class='ocr_line' id='line_1_15' title="bbox 290 1583 874 1663; baseline -0.003 -19"><span class='ocrx_word' id='word_1_87' title='bbox 290 1584 405 1644; x_wconf 83' lang='lat' dir='ltr'>tblicam</span> <span class='ocrx_word' id='word_1_88' title='bbox 422 1584 516 1663; x_wconf 82' lang='lat' dir='ltr'>possis</span> <span class='ocrx_word' id='word_1_89' title='bbox 535 1604 543 1642; x_wconf 94' lang='lat'>:</span> <span class='ocrx_word' id='word_1_90' title='bbox 562 1583 721 1644; x_wconf 84' lang='lat' dir='ltr'>multorum</span> <span class='ocrx_word' id='word_1_91' title='bbox 736 1601 766 1643; x_wconf 89' lang='lat' dir='ltr'>te</span> <span class='ocrx_word' id='word_1_92' title='bbox 784 1585 874 1642; x_wconf 76' lang='lat' dir='ltr'>etiam</span> 
     </span>
     <span class='ocr_line' id='line_1_16' title="bbox 290 1661 872 1734; baseline -0.003 -10"><span class='ocrx_word' id='word_1_93' title='bbox 290 1664 318 1724; x_wconf 73' lang='lat' dir='ltr'>St</span> <span class='ocrx_word' id='word_1_94' title='bbox 332 1683 414 1723; x_wconf 87' lang='lat' dir='ltr'>autes</span> <span class='ocrx_word' id='word_1_95' title='bbox 423 1683 483 1721; x_wconf 91' lang='lat' dir='ltr'>non</span> <span class='ocrx_word' id='word_1_96' title='bbox 492 1661 664 1724; x_wconf 85' lang='lat' dir='ltr'>sentientem</span> <span class='ocrx_word' id='word_1_97' title='bbox 673 1707 683 1734; x_wconf 93' lang='lat'><strong>,</strong></span> <span class='ocrx_word' id='word_1_98' title='bbox 693 1665 766 1722; x_wconf 83' lang='lat' dir='ltr'>sicut</span> <span class='ocrx_word' id='word_1_99' title='bbox 777 1662 872 1722; x_wconf 82' lang='lat' dir='ltr'>adhuc</span> 
     </span>
     <span class='ocr_line' id='line_1_17' title="bbox 290 1741 874 1824; baseline 0 -20"><span class='ocrx_word' id='word_1_100' title='bbox 290 1760 356 1818; x_wconf 78' lang='lat' dir='ltr'>int,</span> <span class='ocrx_word' id='word_1_101' title='bbox 387 1742 635 1824; x_wconf 78' lang='lat' dir='ltr'>speculabuntur,</span> <span class='ocrx_word' id='word_1_102' title='bbox 667 1758 756 1823; x_wconf 80' lang='lat' dir='ltr'>atque</span> <span class='ocrx_word' id='word_1_103' title='bbox 777 1741 874 1804; x_wconf 83' lang='lat' dir='ltr'>custo-</span> 
     </span>
    </p>
   </div>
   <div class='ocr_carea' id='block_1_3' title="bbox 290 1855 878 2124">
    <p class='ocr_par' dir='ltr' id='par_1_3' title="bbox 290 1855 878 2124">
     <span class='ocr_line' id='line_1_18' title="bbox 290 1855 876 1983; baseline -0.002 -18"><span class='ocrx_word' id='word_1_104' title='bbox 290 1903 304 1965; x_wconf 78' lang='grc' dir='ltr'>ἲ.</span> <span class='ocrx_word' id='word_1_105' title='bbox 328 1902 445 1964; x_wconf 79' lang='lat' dir='ltr'>Etenim</span> <span class='ocrx_word' id='word_1_106' title='bbox 467 1902 536 1983; x_wconf 89' lang='lat' dir='ltr'>quid</span> <span class='ocrx_word' id='word_1_107' title='bbox 556 1900 617 1976; x_wconf 86' lang='lat' dir='ltr'>est,</span> <span class='ocrx_word' id='word_1_108' title='bbox 635 1855 876 1982; x_wconf 64' lang='lat' dir='ltr'>Catilina‚nuod</span> 
     </span>
     <span class='ocr_line' id='line_1_19' title="bbox 290 1982 878 2124; baseline -0.002 -80"><span class='ocrx_word' id='word_1_109' title='bbox 290 1986 399 2124; x_wconf 45' lang='lat' dir='ltr'>,meins</span> <span class='ocrx_word' id='word_1_110' title='bbox 421 1982 589 2064; x_wconf 65' lang='lat' dir='ltr'>exspekies‚</span> <span class='ocrx_word' id='word_1_111' title='bbox 609 1984 744 2063; x_wconf 81' lang='lat' dir='ltr'>sineque</span> <span class='ocrx_word' id='word_1_112' title='bbox 761 2001 878 2044; x_wconf 73' lang='lat' dir='ltr'>nonte-</span> 
     </span>
    </p>
   </div>
   <div class='ocr_carea' id='block_1_4' title="bbox 290 2061 878 3012">
    <p class='ocr_par' dir='ltr' id='par_1_4' title="bbox 290 2061 878 2793">
     <span class='ocr_line' id='line_1_20' title="bbox 290 2061 878 2144; baseline -0.003 -20"><span class='ocrx_word' id='word_1_113' title='bbox 290 2087 297 2124; x_wconf 82' lang='lat' dir='ltr'>t</span> <span class='ocrx_word' id='word_1_114' title='bbox 313 2087 332 2124; x_wconf 93' lang='grc' dir='ltr'><strong>ο</strong></span> <span class='ocrx_word' id='word_1_115' title='bbox 354 2063 465 2124; x_wconf 82' lang='lat' dir='ltr'>scutate</span> <span class='ocrx_word' id='word_1_116' title='bbox 481 2079 570 2124; x_wconf 77' lang='lat' dir='ltr'>coetus</span> <span class='ocrx_word' id='word_1_117' title='bbox 588 2061 734 2133; x_wconf 81' lang='lat' dir='ltr'>nefarios,</span> <span class='ocrx_word' id='word_1_118' title='bbox 750 2082 805 2124; x_wconf 88' lang='lat' dir='ltr'>nec</span> <span class='ocrx_word' id='word_1_119' title='bbox 818 2064 878 2144; x_wconf 82' lang='lat' dir='ltr'>pti·</span> 
     </span>
     <span class='ocr_line' id='line_1_21' title="bbox 290 2143 878 2225; baseline -0.002 -20"><span class='ocrx_word' id='word_1_120' title='bbox 290 2145 392 2205; x_wconf 82' lang='lat' dir='ltr'><strong>domus</strong></span> <span class='ocrx_word' id='word_1_121' title='bbox 415 2143 569 2225; x_wconf 77' lang='lat' dir='ltr'>parietibus</span> <span class='ocrx_word' id='word_1_122' title='bbox 594 2145 746 2204; x_wconf 85' lang='lat' dir='ltr'>continere</span> <span class='ocrx_word' id='word_1_123' title='bbox 769 2163 878 2204; x_wconf 78' lang='lat' dir='ltr'>vocem</span> 
     </span>
     <span class='ocr_line' id='line_1_22' title="bbox 291 2221 877 2305; baseline -0.003 -19"><span class='ocrx_word' id='word_1_124' title='bbox 291 2226 407 2286; x_wconf 81' lang='lat' dir='ltr'>rationis</span> <span class='ocrx_word' id='word_1_125' title='bbox 427 2241 481 2285; x_wconf 86' lang='lat' dir='ltr'>tuae</span> <span class='ocrx_word' id='word_1_126' title='bbox 500 2221 595 2305; x_wconf 84' lang='lat' dir='ltr'>potest</span> <span class='ocrx_word' id='word_1_127' title='bbox 618 2225 629 2284; x_wconf 87' lang='lat'>?</span> <span class='ocrx_word' id='word_1_128' title='bbox 645 2226 669 2283; x_wconf 87' lang='lat' dir='ltr'>si</span> <span class='ocrx_word' id='word_1_129' title='bbox 686 2222 877 2299; x_wconf 83' lang='lat' dir='ltr'>illustrantur,</span> 
     </span>
     <span class='ocr_line' id='line_1_23' title="bbox 292 2303 878 2388; baseline -0.005 -20"><span class='ocrx_word' id='word_1_130' title='bbox 292 2322 394 2388; x_wconf 87' lang='lat' dir='ltr'>mpunt</span> <span class='ocrx_word' id='word_1_131' title='bbox 406 2307 505 2366; x_wconf 83' lang='lat' dir='ltr'>onmia</span> <span class='ocrx_word' id='word_1_132' title='bbox 518 2305 531 2366; x_wconf 83' lang='lat'>?</span> <span class='ocrx_word' id='word_1_133' title='bbox 545 2305 627 2366; x_wconf 80' lang='lat' dir='ltr'>Muta</span> <span class='ocrx_word' id='word_1_134' title='bbox 636 2303 696 2382; x_wconf 77' lang='lat' dir='ltr'>jam</span> <span class='ocrx_word' id='word_1_135' title='bbox 705 2303 785 2365; x_wconf 84' lang='lat' dir='ltr'>istam</span> <span class='ocrx_word' id='word_1_136' title='bbox 795 2326 878 2367; x_wconf 88' lang='lat' dir='ltr'>men·</span> 
     </span>
     <span class='ocr_line' id='line_1_24' title="bbox 308 2384 876 2461; baseline 0.002 -14"><span class='ocrx_word' id='word_1_137' title='bbox 308 2388 380 2448; x_wconf 86' lang='lat' dir='ltr'>mihi</span> <span class='ocrx_word' id='word_1_138' title='bbox 397 2386 485 2447; x_wconf 86' lang='lat' dir='ltr'>crede</span> <span class='ocrx_word' id='word_1_139' title='bbox 501 2407 509 2445; x_wconf 90' lang='lat'><strong>:</strong></span> <span class='ocrx_word' id='word_1_140' title='bbox 527 2384 697 2448; x_wconf 84' lang='lat' dir='ltr'>obliviscere</span> <span class='ocrx_word' id='word_1_141' title='bbox 711 2387 815 2461; x_wconf 71' lang='lat' dir='ltr'>cadis,</span> <span class='ocrx_word' id='word_1_142' title='bbox 833 2403 876 2449; x_wconf 86' lang='lat' dir='ltr'>at·</span> 
     </span>
     <span class='ocr_line' id='line_1_25' title="bbox 291 2465 876 2550; baseline 0.003 -22"><span class='ocrx_word' id='word_1_143' title='bbox 291 2467 478 2530; x_wconf 81' lang='lat' dir='ltr'>ncendior&#39;um</span> <span class='ocrx_word' id='word_1_144' title='bbox 498 2487 507 2528; x_wconf 71' lang='grc' dir='ltr'><strong>ε</strong></span> <span class='ocrx_word' id='word_1_145' title='bbox 526 2470 633 2529; x_wconf 72' lang='lat' dir='ltr'>teneris</span> <span class='ocrx_word' id='word_1_146' title='bbox 649 2465 794 2550; x_wconf 82' lang='lat' dir='ltr'>undique:</span> <span class='ocrx_word' id='word_1_147' title='bbox 809 2467 876 2530; x_wconf 87' lang='lat' dir='ltr'>luce</span> 
     </span>
     <span class='ocr_line' id='line_1_26' title="bbox 291 2545 873 2627; baseline 0 -19"><span class='ocrx_word' id='word_1_148' title='bbox 291 2549 400 2610; x_wconf 72' lang='lat' dir='ltr'>:latiora</span> <span class='ocrx_word' id='word_1_149' title='bbox 420 2549 505 2609; x_wconf 78' lang='lat' dir='ltr'>nobis</span> <span class='ocrx_word' id='word_1_150' title='bbox 526 2565 575 2610; x_wconf 74' lang='lat' dir='ltr'>tua</span> <span class='ocrx_word' id='word_1_151' title='bbox 601 2545 741 2627; x_wconf 58' lang='lat' dir='ltr'>contib,</span> <span class='ocrx_word' id='word_1_152' title='bbox 864 2569 873 2585; x_wconf 91' lang='lat'><strong>·</strong></span> 
     </span>
     <span class='ocr_line' id='line_1_27' title="bbox 291 2629 698 2703; baseline 0.005 -15"><span class='ocrx_word' id='word_1_153' title='bbox 291 2631 376 2688; x_wconf 81' lang='lat' dir='ltr'>etiam</span> <span class='ocrx_word' id='word_1_154' title='bbox 392 2649 508 2698; x_wconf 79' lang='lat' dir='ltr'>mecum</span> <span class='ocrx_word' id='word_1_155' title='bbox 523 2629 592 2690; x_wconf 85' lang='lat' dir='ltr'>licet</span> <span class='ocrx_word' id='word_1_156' title='bbox 684 2660 698 2703; x_wconf 59' lang='lat' dir='ltr'>‘a</span> 
     </span>
     <span class='ocr_line' id='line_1_28' title="bbox 291 2701 768 2793; baseline 0.013 -25"><span class='ocrx_word' id='word_1_157' title='bbox 291 2705 499 2782; x_wconf 74' lang='lat' dir='ltr'>Meministine,</span> <span class='ocrx_word' id='word_1_158' title='bbox 513 2729 562 2772; x_wconf 83' lang='lat' dir='ltr'>tne</span> <span class='ocrx_word' id='word_1_159' title='bbox 574 2701 660 2774; x_wconf 63' lang='lat' dir='ltr'>ntes</span> <span class='ocrx_word' id='word_1_160' title='bbox 671 2702 725 2793; x_wconf 32' lang='grc' dir='ltr'>χ’</span> <span class='ocrx_word' id='word_1_161' title='bbox 766 2738 768 2747; x_wconf 93' lang='grc'><em>·</em></span> 
     </span>
    </p>

    <p class='ocr_par' dir='ltr' id='par_1_5' title="bbox 292 2785 696 2858">
     <span class='ocr_line' id='line_1_29' title="bbox 292 2785 696 2854; baseline 0.02 -7"><span class='ocrx_word' id='word_1_162' title='bbox 292 2808 304 2847; x_wconf 88' lang='lat' dir='ltr'>s</span> <span class='ocrx_word' id='word_1_163' title='bbox 321 2785 350 2848; x_wconf 88' lang='lat' dir='ltr'>N</span> <span class='ocrx_word' id='word_1_164' title='bbox 352 2789 496 2848; x_wconf 69' lang='lat' dir='ltr'>ovemhns</span> <span class='ocrx_word' id='word_1_165' title='bbox 513 2789 611 2854; x_wconf 72' lang='lat' dir='ltr'>dicere</span> <span class='ocrx_word' id='word_1_166' title='bbox 625 2793 661 2854; x_wconf 65' lang='grc' dir='ltr'>ἰὴ</span> <span class='ocrx_word' id='word_1_167' title='bbox 693 2794 696 2801; x_wconf 70' lang='grc'>’</span> 
     </span>
    </p>

    <p class='ocr_par' dir='ltr' id='par_1_6' title="bbox 291 2867 664 2940">
     <span class='ocr_line' id='line_1_30' title="bbox 291 2867 664 2940; baseline 0 -12"><span class='ocrx_word' id='word_1_168' title='bbox 291 2871 333 2928; x_wconf 82' lang='lat' dir='ltr'>nis</span> <span class='ocrx_word' id='word_1_169' title='bbox 353 2885 434 2928; x_wconf 85' lang='lat' dir='ltr'>certo</span> <span class='ocrx_word' id='word_1_170' title='bbox 450 2867 519 2940; x_wconf 83' lang='lat' dir='ltr'>die,</span> <span class='ocrx_word' id='word_1_171' title='bbox 576 2869 664 2936; x_wconf 69' lang='lat' dir='ltr'>&#39;diet</span> 
     </span>
    </p>

    <p class='ocr_par' dir='ltr' id='par_1_7' title="bbox 291 2947 672 3012">
     <span class='ocr_line' id='line_1_31' title="bbox 291 2947 672 3012; baseline 0 0"><span class='ocrx_word' id='word_1_172' title='bbox 291 2949 370 3012; x_wconf 88' lang='lat' dir='ltr'>diem</span> <span class='ocrx_word' id='word_1_173' title='bbox 389 2965 428 3012; x_wconf 81' lang='lat' dir='ltr'>vt</span> <span class='ocrx_word' id='word_1_174' title='bbox 609 2947 672 3012; x_wconf 38' lang='lat' dir='ltr'>Nn*</span> 
     </span>
    </p>
   </div>
   <div class='ocr_carea' id='block_1_5' title="bbox 0 0 1322 4209">
    <p class='ocr_par' dir='ltr' id='par_1_8' title="bbox 0 0 1322 4209">
     <span class='ocr_line' id='line_1_32' title="bbox 0 0 1322 4209; baseline 0 0"><span class='ocrx_word' id='word_1_175' title='bbox 0 0 1322 4209; x_wconf 95' lang='lat' dir='ltr'> </span> 
     </span>
    </p>
   </div>
  </div>
 </body>
</html>
