2617 4209
416 1751 450 2266 '‘nillil-'nm
416 1673 424 1682 “
417 1593 424 1602 “

730 423 844 492 ΙΝ
898 424 974 492 L.
1030 426 1648 493 CATILINAM.
1740 445 1887 518 309

509 556 642 599 vox
683 581 702 610 ‚
751 558 878 617 quae
924 537 1100 598 debet
1142 536 1254 598 esse
1296 540 1354 597 in
1398 540 1689 622 republica
1730 544 1895 620 prin-2

513 637 657 698 ceps
677 663 696 690 ‚
731 616 927 679 officio
965 618 1153 678 funeta
1184 618 1463 679 consulari
1496 622 1810 682 videretur.

601 696 682 758 X.
723 697 894 757 Nunc
918 744 938 773 ,
961 698 1158 759 Patres
1186 698 1533 780 conscripti,
1559 702 1692 761 ante
1715 700 1890 782 quam

517 776 596 846 ad
645 777 983 842 sententiam
1035 779 1219 846 redeo
1252 824 1272 853 ,
1321 779 1396 848 de
1442 801 1538 841 me
1582 803 1763 863 pauca
1805 781 1896 839 cli-.-

518 878 670 917 cam.
721 857 892 941 Ego,
939 876 1148 941 quanta
1189 881 1392 927 manus
1428 860 1509 922 est
1554 860 1894 940 conjurator.-

519 958 652 997 rum
694 981 713 1010 ‚
772 960 943 1020 quam
1001 940 1212 1000 videtis
1277 937 1392 1008 esse
1451 962 1823 1024 permagnam
1868 985 1890 1014 ,

519 1034 740 1077 tantam
789 1041 883 1080 me
915 1022 1274 1080 inimicorum
1319 1020 1745 1082 multitudinem
1781 1021 1898 1080 sus-

524 1096 735 1179 cepiss'e
777 1100 957 1159 video
995 1121 1014 1172 ·,
1064 1099 1164 1158 sed
1205 1120 1335 1166 eam
1378 1099 1489 1162 esse
1533 1100 1727 1180 judico
1776 1119 1895 1160 tur-

522 1197 662 1259 pem
701 1222 723 1252 ,
769 1180 835 1240 &
879 1177 1164 1244 infirmam
1218 1180 1280 1238 &
1316 1196 1713 1262 ,contemptam
1755 1225 1775 1254 ‚
1824 1182 1891 1242 &

523 1257 830 1335 abjestam.
887 1259 1072 1338 Qubd
1109 1261 1155 1322 si
1190 1259 1501 1338 aliquando
1538 1258 1773 1338 alicujus
1808 1261 1899 1320 fu-

523 1359 658 1399 rore
700 1341 764 1399 &
807 1339 1022 1400 scelere
1059 1342 1348 1410 concitata
1386 1361 1587 1401 manus
1622 1339 1722 1401 ista
1767 1341 1897 1421 plus

522 1419 808 1495 valuerit,
849 1420 1022 1501 quam
1060 1419 1287 1493 vestra,
1325 1443 1392 1481 ac
1433 1422 1765 1502 reipublicae
1804 1422 1895 1481 di-

523 1503 710 1582 gnitas
748 1521 766 1572 ;
801 1522 897 1562 me
932 1519 1128 1562 tamen
1172 1521 1440 1562 meorum
1474 1502 1755 1572 factorum
1801 1519 1896 1562 at·-

567 1601 640 1639 ue
690 1581 1061 1640 consiliorum
1093 1602 1409 1659 numquam
1444 1627 1464 1655 ,
1502 1582 1697 1646 Patres
1746 1605 1896 1642 con-

525 1601 719 1738 ?cripti
757 1703 776 1730 ‚
816 1659 1143 1739 poenitebit.
1192 1658 1425 1718 Etenim
1470 1682 1627 1730 mors
1658 1707 1677 1732 ,
1719 1683 1893 1741 quam

528 1739 610 1798 illi
646 1738 782 1797 mihi
826 1736 1054 1799 fortasse
1091 1739 1469 1809 minitantur,
1507 1741 1771 1800 omnibus
1811 1741 1895 1803 est

531 1835 769 1900 parata:
804 1822 940 1880 vitae
969 1835 1187 1879 tantam
1223 1817 1454 1879 laudem
1476 1862 1495 1891 ‚
1534 1820 1747 1900 quanta
1785 1843 1897 1882 vos

530 1918 630 1958 me
675 1897 874 1962 vestris
914 1900 1160 1959 decretis
1199 1897 1551 1971 honestatis,
1592 1918 1768 1960 nemo
1814 1899 1898 1961 est

530 1976 827 2038 assecutus·
870 1978 1101 2040 Ceteris
1134 1978 1294 2042 enim
1328 1977 1552 2057 semper
1587 1978 1739 2037 bene
1774 1979 1901 2059 gesa

530 2074 610 2117 tae
645 2100 664 2130 ‚
709 2059 844 2128 mihi
882 2061 978 2118 uni
1013 2056 1361 2120 conservatae
1398 2057 1723 2140 reipublicae
1760 2079 1897 2140 grav,

530 2137 878 2198 tulationem
914 2136 1264 2199 decrevistis·

621 2237 716 2280 21.
761 2219 845 2278 Sit
880 2219 1072 2300 Scipio
1111 2220 1330 2289 claruS‚
1364 2216 1462 2278 ille
1493 2263 1513 2293 ,
1554 2217 1715 2297 cujus
1759 2241 1901 2286 con-.-

533 2299 664 2378 §ilio
707 2317 879 2380 atque
907 2302 1116 2360 virtute
1149 2299 1406 2358 Annibal
1436 2301 1495 2357 in
1522 2298 1777 2369 Africam
1809 2303 1923 2366 req'

533 2380 660 2440 dire
702 2426 722 2454 ,
777 2398 949 2460 atque
997 2399 1069 2441 ex
1113 2378 1278 2440 Italia
1331 2377 1619 2438 decedere
1670 2381 1916 2455 coafihzf

532 2458 619 2534 est
661 2478 969 2520 :.ornetur
1009 2461 1154 2520 alter
1199 2459 1409 2520 eximia
1453 2459 1621 2532 laude
1665 2459 1798 2539 Afri?
1849 2492 1885 2532 ·.;
1922 2467 1945 2479 ⁴

531 2561 642 2606 nus
666 2584 688 2610 ,
721 2543 818 2622 qui
851 2541 990 2601 duas
1007 2541 1180 2601 urbes
1212 2540 1345 2602 huic
1373 2540 1621 2619 imperio
1657 2547 1706 2607 ’χι
1728 2539 1869 2610 sal-f·

533 2623 710 2680 simas
731 2663 748 2690 ,
789 2619 1199 2704 Carthaginem
1225 2664 1244 2693 ,
1281 2619 1690 2697 Numantiam
1812 2634 1818 2667 ”·’

533 2699 717 2762 levit:
761 2697 1034 2760 habeatur
1066 2703 1156 2761 vir
1197 2703 1457 2782 egregius
1486 2707 1509 2772 5
1545 2698 1619 2765 L*
1654 2727 1658 2738 ’
1709 2728 1779 2764 i

531 2779 638 2848 ille
665 2821 681 2850 ‚
704 2774 863 2855 cujus
886 2797 1110 2836 currum
1135 2797 1235 2838 rex
1252 2779 1709 2859 patentisaimu.
1734 2792 1756 2815 ·’

535 2859 679 2952 {lam
722 2857 786 2920 &
823 2856 1252 2956 nobilissimus?
1289 2855 1485 2947 Pei-[es
1517 2841 1760 2943 ᾖα,
1798 2864 1826 2900 ι,
