2617 4209
312 790 366 865 24
535 769 767 841 ormo

308 907 361 948 cus
383 906 401 947 a
422 884 571 947 Manilio:
595 883 686 946 index
708 882 824 947 Aviliur
846 902 884 945 ex
911 882 1005 947 altera
1041 919 1043 942 .

310 984 395 1050 parte
416 966 516 1027 cotim
534 981 661 1028 tenetur.
690 964 748 1027 Hic
763 964 823 1045 jam
843 964 916 1048 quid
933 967 1006 1028 reli-

310 1069 367 1131 qua
387 1045 534 1129 queritis?
557 1044 711 1107 Manilium
724 1048 856 1129 plerique
869 1050 1003 1109 noratis:

311 1149 374 1190 non
392 1128 441 1189 ille
458 1128 605 1189 honorem
624 1148 642 1187 a
660 1130 806 1208 pueritia,
823 1149 887 1189 non
912 1126 1005 1191 studia
1040 1167 1043 1206 1

309 1211 456 1283 virtutis,
478 1230 538 1269 non
564 1208 654 1268 ullum
676 1206 894 1270 existimationis
915 1208 1004 1273 bonae
1040 1225 1043 1248 ¹

307 1288 433 1351 frulium
455 1311 594 1372 umquam
611 1290 774 1373 cogitarat3
793 1287 845 1351 sed
858 1308 897 1351 ex
916 1307 1005 1373 petu-

309 1371 383 1432 lanti
400 1389 488 1453 atque
506 1370 644 1452 improbo
664 1368 779 1447 scurra,
798 1373 829 1431 in
850 1370 1004 1433 discordiis

309 1452 435 1513 civitatis
464 1451 590 1514 adeam
615 1450 783 1513 columnam
808 1494 819 1526 ,
848 1451 887 1512 ad
912 1472 1003 1536 quam

310 1532 472 1593 multorum
489 1530 565 1615 saepe
583 1535 724 1594 conviciis
742 1530 900 1615 perducitur
917 1551 1003 1607 erat,

310 1634 378 1674 cum
399 1611 481 1675 suffra
503 1616 535 1674 ’is
559 1614 663 1695 populi
684 1630 870 1695 pervenerat.
897 1612 1003 1697 Itaque

310 1714 375 1756 rern
392 1716 458 1755 cum
509 1697 646 1775 ppianico
664 1697 751 1756 transi
773 1698 794 1755 it
812 1714 820 1754 t
840 1698 1001 1776 pecuniam

309 1776 405 1836 abeo
427 1776 551 1856 accipite
568 1772 681 1853 caulam
701 1776 734 1836 &
752 1716 917 1857 lusceptam
936 1821 947 1853 ,
969 1778 1002 1839 &

308 1853 490 1917 manifestam
504 1854 648 1937 relinquit.
669 1853 788 1916 Attum
804 1858 834 1916 in
845 1854 1002 1939 Oppiani-

309 1937 338 1996 ci
356 1934 438 1996 causa
452 1938 562 1997 crimen
572 1936 632 1997 hoc
645 1934 817 1997 Asinianum
834 1957 929 2017 quum
946 1937 1003 2002 tes·

306 2016 386 2079 tibus
404 2017 501 2080 multis
514 2062 524 2092 ,
536 2034 601 2077 tum
615 2017 688 2079 vero
702 2018 809 2079 indicio
820 2016 918 2079 Avilii
928 2040 1001 2099 pro-

307 2097 432 2158 babatur
446 2119 453 2160 :
470 2100 500 2158 in
518 2120 600 2180 quo,
614 2099 691 2159 inter
703 2097 866 2182 allegatos,
881 2097 1001 2191 Oppia·

308 2180 368 2239 nici
386 2198 497 2241 nomen
511 2182 637 2260 primum
651 2177 708 2241 ess'e
723 2177 897 2254 constabat,
918 2200 1000 2259 elus,

351 2279 399 2321 em
422 2282 479 2321 vos
502 2259 637 2320 miserum
663 2276 751 2339 atque
777 2262 999 2339 innocentem,

322 2340 381 2403 also
409 2338 518 2421 judicio
545 2341 776 2400 circumventum
802 2335 859 2399 esse
891 2342 1000 2405 dicitis.

351 2420 447 2483 XIV.
469 2421 572 2502 Quid.²
586 2423 682 2483 aviam
693 2436 791 2493 tuam,
805 2416 1000 2502 Oppianice,

308 2499 461 2573 Dineam,
476 2504 522 2561 cui
532 2518 565 2561 tu
582 2522 614 2563 es
627 2502 732 2572 heres,
751 2515 835 2581 pater
851 2516 920 2563 tuus
936 2525 1001 2567 nou

306 2577 463 2643 manifesto
481 2584 596 2642 necavit
605 2580 620 2651 ,ἓ
638 2581 777 2661 adquam
791 2601 880 2672 quum
896 2581 1002 2645 addu-

306 2657 391 2723 xiss'et
413 2658 560 2721 medicum
579 2660 661 2720 illum
679 2659 786 2735 suurn,
807 2680 866 2741 Jam
887 2666 1002 2746 cogni·
1039 2683 1043 2690 ·

307 2758 394 2816 tum,
410 2742 443 2802 &
458 2739 533 2823 saepe
545 2741 688 2802 vielorem
703 2738 718 2823 (
730 2762 784 2824 per
799 2760 888 2824 quem
904 2744 1001 2809 inter·

306 2820 419 2884 fecerat
434 2822 599 2903 plurimos)
612 2822 717 2883 mulier
733 2822 898 2897 exclamat,
910 2821 945 2886 se
957 2827 998 2890 alr

307 2921 348 2965 eo
364 2902 444 2964 nullo
462 2904 555 2965 modo
571 2904 651 2966 velle
667 2905 780 2978 curari,
793 2924 853 2985 quo
871 2921 998 2972 curam

306 2981 374 3044 l'uos
391 3003 494 3045 omnes
505 2982 682 3065 perdidillet.
700 2983 780 3045 Tum
791 2984 917 3066 repente
928 2985 999 3058 A'nnl

307 3063 477 3125 conitanum
487 3064 667 3146 quemdam,
682 3064 717 3126 L.
733 3064 895 3142 Clodium,
1003 3103 1011 3150 ι,

305 3144 493 3240 macopolam
503 3146 781 3243 circumforaneum,
792 3146 844 3230 qui

307 3049 1007 3416 nonantulanum&
