2617 4209
414 393 513 462 Pno
541 390 588 462 A.
616 394 892 460 CLVENTIO.
930 411 995 460 121

314 508 449 570 videtis:
477 503 641 580 Bouiano,
666 523 792 589 totoque
818 527 856 567 ex
880 503 1004 565 'Samnio

314 610 406 671 quum
418 587 598 648 laudationes
607 587 814 649 honestissimae¹
824 584 913 646 millae
922 583 1002 657 sunt,

315 685 378 730 tum
396 669 530 729 homines
550 669 745 749 amplissimi,
774 667 1004 746 nobilissimique

316 766 471 812 venerunt.
490 748 556 810 Jam
572 753 622 830 qui
642 752 673 809 in
689 771 760 832 agro
780 747 908 808 Larinati
927 767 1005 827 ptae·

313 830 385 903 dia,
409 832 459 912 qui
478 833 598 912 negotia
616 851 695 911 ,qiu
716 849 763 891 res
773 830 930 969 ¹pecuarias
950 827 1003 887 ha·

312 911 408 985 bent,
425 910 539 972 honesti
554 911 710 984 homines,
728 911 761 970 dt
786 931 888 969 ummo
905 908 1005 989 splen·

313 990 390 1053 dore
413 990 554 1072 prediti,
576 990 694 1051 difficile
719 990 795 1050 dieu
820 988 890 1063 est,
913 989 1003 1071 qudm

314 1074 373 1131 sint
394 1070 527 1143 solliciti,
546 1071 634 1151 qudm
654 1071 799 1131 laborent.
826 1070 896 1131 Non
918 1071 1003 1131 multi

313 1153 387 1211 mihi
404 1151 441 1211 ab
456 1171 517 1209 uno
536 1153 575 1210 sic
591 1151 673 1231 diligi
690 1150 846 1225 videntur,
862 1168 894 1209 ut
905 1151 951 1211 hic
963 1151 1002 1211 ab

314 1232 361 1291 his
375 1232 529 1292 universis.
672 1249 678 1258 ·
724 1273 730 1282 .

358 1310 467 1374 Lxx.
491 1310 592 1391 Qulm
608 1332 671 1371 non
687 1308 783 1372 abesse
800 1311 837 1370 ab
855 1308 939 1390 hujus
955 1308 1003 1390 ju·

313 1392 392 1453 dicio
413 1392 447 1452 L.
468 1391 689 1467 Volusienum,
712 1393 825 1453 summo
847 1391 1002 1474 splendore

312 1473 466 1535 hominem
490 1493 524 1533 ac
540 1474 649 1535 virtute
667 1472 846 1555 preditum,
866 1473 998 1534 vellem:

337 1553 404 1614 ultm
422 1553 532 1614 vellem
547 1552 720 1634 presentem
733 1551 817 1635 ,polle
835 1551 868 1612 P.
891 1554 1002 1614 Helvi-

312 1574 396 1694 dium
416 1632 548 1706 Rufum,
568 1636 699 1715 equitem
716 1633 908 1708 Romanum,
930 1656 1002 1694 om·

313 1716 397 1774 nium
413 1715 643 1784 ornatissimum,
654 1716 822 1773 nominate:
833 1716 900 1807 qui,
910 1737 1000 1796 quum

315 1792 400 1876 hujus
418 1793 522 1868 causd,
540 1792 601 1855 dies
619 1790 775 1873 nodesque
791 1793 945 1872 vigilaret,
965 1795 1001 1857 δι

312 1873 407 1957 quum
422 1873 563 1937 me'ltdni:
581 1872 694 1935 causam
710 1873 833 1934 doceret
842 1892 853 1945 ;
869 1875 898 1932 in
916 1896 1003 1935 mot·

314 1957 388 2016 bum
406 1976 528 2037 gravem
549 1951 802 2035 periculosumque
819 1953 918 2012 incidit
935 1976 945 2027 3
970 1959 1003 2020 in

314 2056 377 2117 quo
396 2051 496 2095 tamen
519 2055 580 2095 non
601 2035 696 2093 minus
716 2031 789 2093 dec
827 2035 868 2094 ite
887 2031 1000 2116 hujus,

310 2115 407 2258 Ϋιιὲηι
431 2115 469 2176 de
495 2113 544 2175 sua
569 2116 631 2210 vitu
646 2113 774 2174 laborat.
831 2135 861 2174 n.
882 2112 1000 2182 Tudicii

311 2193 934 2374 llllnl?nlz¹lz⁸‘slll‘d3l¹2¹s
945 2221 1001 2340 50²5

312 2355 1000 2518 llllll‘f*ddllffmplpllilllnlfflllolldli

311 2517 406 2600 ,judex
419 2539 455 2579 es
471 2517 556 2580 inA.
577 2515 768 2589 Cluentium,
785 2515 917 2579 dicimus.
942 2519 999 2598 Et,

313 2618 357 2658 ne
373 2599 491 2678 longum
508 2602 565 2671 sit,
584 2600 716 2657 omnium
737 2599 902 2658 vicinorum
921 2598 1001 2662 sum-

317 2696 398 2737 mam
424 2676 479 2737 effe
503 2681 533 2738 in
557 2679 634 2737 hunc
660 2677 899 2739 benevolentiam
925 2701 1001 2742 con·

311 2756 475 2819 firmamo.
992 2809 995 2814 .

364 2852 432 2915 199.
450 2834 563 2896 Horum
579 2841 709 2899 omnium
723 2837 846 2899 studium
857 2883 869 2911 ,
880 2857 1000 2916 curant,

311 2917 498 3059 ·dilig;ntiam
509 2960 541 3060 ,V
539 2937 695 3000 meumque
710 2920 768 2985 und
782 2919 935 3058 labotgm,
950 2920 1001 3005 qui

414 3018 490 3057 onus
537 3039 546 3057 .
