2617 4209
391 613 469 695 452
617 589 649 662 0
661 609 689 662 ιι
700 605 729 661 Α
745 608 771 660 r
782 608 804 661 ι
818 606 846 661 o

438 714 491 783 ria
507 732 626 804 quoque
646 710 729 778 ra'tio
743 709 846 777 docet.
867 702 960 773 Nam
977 718 1073 796 quum

433 828 552 901 praeror
570 806 700 875 Flaccus
718 803 819 896 fleuit
840 796 986 869 Ciceroni
1015 801 1074 893 rofi

439 903 611 975 triennium
637 898 743 970 autem
772 898 893 968 Asiam
918 899 1074 981 rexerir',

439 1001 527 1091 quod
547 998 616 1091 ipsa
628 998 761 1098 ostendit
780 994 904 1076 oratio,
927 994 1001 1062 inde
1015 996 1075 1060 col·

439 1098 550 1189 ligitur
571 1095 639 1185 rjus
655 1093 886 1186 accufirriorrem
906 1090 944 1177 irc
971 1090 1076 1181 Cusa-

439 1215 500 1261 rem
518 1192 714 1260 &Bibulum
737 1185 810 1285 coffi
831 1186 965 1255 incidere
975 1238 989 1273 ,
1011 1213 1075 1254 an·

440 1315 484 1357 no
505 1290 592 1357 urbis
611 1292 698 1383 694.
719 1285 878 1355 Ciceronis
898 1283 959 1370 48.
986 1284 1076 1353 Mr-

440 1401 626 1455 NUTIUS.

392 1598 419 1659 Ι.
437 1526 560 1688 Qun
569 1618 594 1660 u
610 1601 639 1658 in
651 1598 782 1661 maximis
794 1594 926 1680 periculis
936 1596 1025 1680 hujus
1036 1617 1078 1658 ur·

393 1681 456 1751 bis,
466 1697 553 1760 atque
564 1681 697 1758 imperii,
710 1681 881 1762 gravissimo
897 1696 985 1761 etque
999 1698 1080 1739 acer·

393 1760 512 1820 bissimo
528 1759 693 1840 reipublicae
706 1759 770 1821 casu
782 1759 881 1834 ,socio
896 1777 986 1843 atque
998 1758 1080 1840 adju·

393 1855 457 1900 tore
478 1839 695 1913 consiliorum,
719 1835 975 1922 periculorumque
996 1860 1081 1902 meo-

394 1941 481 1994 rum,
498 1920 532 1981 L.
548 1919 654 1982 Flacco
667 1965 680 1991 ,
693 1922 804 1982 caedem
823 1942 841 1982 a
855 1922 964 1996 robis,
978 1918 1082 1999 conju·

394 2001 496 2140 pibus,
508 2002 605 2062 liberis
614 1999 735 2073 vestris,
746 2000 910 2063 vastitatem
918 2022 935 2062 a
944 2001 1080 2082 templis,

343 2100 352 2118 ⁸
416 2081 520 2142 elubris
532 2127 542 2156 ,
554 2080 742 2156 urbe‚1talii
759 2082 966 2163 depellebam:
979 2080 1079 2222 {pera-

394 2161 488 2236 bam,
507 2158 646 2236 ludices,
668 2163 786 2223 honoris
807 2160 903 2243 potius
923 2161 958 2222 L.
1007 2162 1079 2222 lacti

394 2262 443 2303 me
462 2240 627 2322 adjutorem
640 2242 767 2303 futurum
777 2288 787 2317 ‚
798 2243 884 2324 quim
901 2241 1078 2303 miseriarum

395 2317 628 2404 deprecatorem.
644 2318 739 2404 Quod
756 2321 916 2397 enimesset
929 2323 1078 2404 priemium

394 2403 560 2493 dignitatis,
575 2405 653 2485 quod
668 2403 791 2485 populus
805 2401 956 2465 Romanus·
968 2447 980 2479 ,
990 2421 1077 2485 quum

394 2483 478 2562 hujus
504 2482 663 2565 majoribus
687 2483 800 2564 semper
827 2482 991 2557 detulisset,
1012 2483 1077 2543 huic

395 2563 573 2647 denegaret3
587 2586 676 2646 quum
690 2564 724 2624 L.
740 2564 860 2625 Flaccus
871 2581 1007 2627 veterem
1017 2562 1078 2622 Va·

394 2643 472 2703 leriae
494 2649 588 2726 gentis
610 2648 640 2705 in
666 2645 814 2707 liberanda
837 2647 929 2726 patria
956 2641 1076 2702 laudem

394 2725 488 2862 prppe
504 2727 738 2846 ‹puingentesimo
759 2748 835 2788 anno
853 2722 1018 2809 reipublicae
1033 2743 1078 2784 re·

395 2817 448 2860 ru1
472 2819 521 2862 et.

437 2901 464 2941 2.
475 2880 532 2941 Sed
541 2886 564 2942 si
573 2882 649 2944 forte
657 2885 813 2966 aliquando
823 2903 871 2947 aut
881 2877 1019 2948 beneficii
1026 2884 1078 2944 hu·

393 2959 438 3041 jus
451 2962 628 3026 obtreiiator
640 3010 650 3039 ,
663 2983 711 3026 aut
721 2967 833 3026 virtutis
843 2965 951 3041 hostis,
965 2984 1014 3027 aut
1024 2965 1080 3027 lau·

396 3043 438 3101 dis
447 3042 561 3103 invidus
572 3045 732 3107 exstitisset:
745 3047 942 3108 existimabam
953 3047 989 3108 L.
1000 3047 1080 3108 Flac·

393 3143 430 3183 co
444 3122 635 3190 multitudinis
651 3131 747 3213 pocius
762 3131 902 3211 imperitae
913 3173 928 3203 ,
939 3128 1022 3190 nullo
1037 3144 1079 3188 ta·

278 3228 458 3411 Λ
