2617 4209
291 720 293 725 ,
426 634 525 710 Prco
550 636 600 712 ad.
626 638 904 712 daumio.
953 645 1008 735 '57

315 752 383 817 sam
398 754 411 821 i
427 754 458 817 Si
475 754 593 840 exlege
611 755 779 818 subsortitus
793 773 854 820 non
873 773 934 817 erat
954 756 969 815 J
972 777 1009 816 u-

318 840 411 910 nius,
430 854 479 898 aut
498 839 521 897 si
540 838 569 898 in
586 838 684 921 legem
703 838 858 919 aliquando
878 857 939 897 non
959 857 1009 915 Ju-

318 935 437 979 raverat
462 939 473 991 ;
496 917 605 980 idcirco
635 919 709 979 illius
738 920 926 978 damnatione
951 916 989 978 ali

319 998 392 1080 quid
412 998 450 1059 de
469 995 610 1060 Cluentio
635 997 814 1078 judicabatur
827 1001 839 1062 ‚²
852 997 923 1059 Non
938 1042 948 1072 ,
962 999 1009 1058 in·

313 1082 412 1220 Ruit:
438 1078 488 1140 sed
512 1079 562 1141 iile
591 1080 699 1141 idcirco
722 1080 765 1142 his
792 1079 906 1163 legibus.
930 1100 1008 1139 con·

343 1177 474 1222 emnatus
498 1157 574 1234 est,
605 1160 686 1243 quod
715 1176 816 1222 contra
846 1160 931 1221 aliam
957 1159 1010 1228 le2

313 1261 388 1324 ¹gem
411 1240 604 1303 commiserat.
622 1242 685 1382 (Ξυὶ
710 1242 768 1303 hoc
799 1239 975 1304 confitentur
994 1254 1011 1314 ,'

314 1358 318 1365 ·
343 1319 436 1383 ossunt
464 1322 554 1383 iidem
583 1322 633 1384 illu
680 1320 819 1403 judicium
842 1316 922 1382 fuisse
952 1320 1008 1382 de·

313 1344 453 1465 sendere.
465 1400 545 1496 Ergo
556 1403 685 1477 idcirco,
694 1406 723 1463 in
744 1406 804 1477 uit,
816 1402 931 1465 infestus
942 1418 1007 1463 turn

315 1500 429 1565 -praetor
457 1480 544 1560 Jumo
573 1482 646 1558 fuit,
671 1426 753 1563 qudi
774 1483 845 1544 illud
867 1481 1007 1563 judicium

314 1579 491 1644 corruptum
507 1582 561 1644 per
580 1583 648 1625 eum
669 1563 834 1644 putabatur.
855 1562 935 1625 Num
951 1566 1008 1645 igi·

315 1661 368 1705 rur
385 1645 445 1705 hoc
467 1660 602 1725 tempore
624 1642 706 1706 causa
724 1659 834 1706 mutata
852 1642 894 1706 est
912 1647 1008 1714 inum

312 1727 463 1799 uliares,
480 1725 536 1785 alia
556 1727 629 1788 ratio
651 1726 724 1786 iliius
741 1723 859 1803 judicii,
880 1725 935 1784 alia
951 1745 1007 1784 na-

312 1823 384 1868 ¹tura
400 1809 489 1868 totius
507 1809 715 1889 negoriinunc
727 1803 791 1882 est,
809 1824 842 1867 ac
855 1823 917 1866 tum
929 1803 1007 1872 fuit?

286 1960 288 1963 Ι
311 1886 392 1949 -Non
415 1890 543 1969 opinor,
571 1907 615 1949 ex.
630 1889 665 1947 iis
689 1886 803 1961 rebus,
831 1908 895 1969 quae
918 1882 1005 1968 gestae

319 1967 401 2042 sunt,
423 1988 487 2029 rem
504 1968 593 2030 ullam
606 1966 858 2049 potuissemutari.¹
994 2035 998 2041 ,

310 2085 317 2094 ·
349 2048 504 2129 .93.Quid
512 2068 583 2131 ergo
593 2046 634 2109 est
642 2047 927 2130 causae‚qui>d·nunc
937 2045 1009 2110 nos·

312 2146 366 2190 ‚tra
382 2128 513 2191 defensio
530 2128 660 2189 audiatur
680 2146 763 2190 tanto
782 2128 916 2204 silentio,
937 2146 1007 2191 tunc

318 2211 406 2273 Junio
426 2209 605 2272 defendendi
618 2208 660 2271 sui
680 2206 809 2291 potestas
825 2226 926 2291 erepta
945 2212 1007 2270 sit?

285 2340 287 2344 ,
309 2292 402 2371 -Quia
418 2308 482 2352 tum
496 2294 527 2352 in
543 2290 624 2351 causa
641 2291 714 2351 nihil
732 2305 815 2363 erat,
832 2307 938 2371 praeter
956 2293 1006 2358 inf·

312 2371 451 2445 .vidiam,
470 2390 624 2442 errorem,
647 2367 861 2465 suspicionem,
881 2372 1008 2432 concio·

308 2471 374 2513 ‚nes
389 2451 571 2533 quotidianas
586 2496 596 2525 ,
614 2449 749 2511 seditiosd
770 2470 804 2511 ac
826 2472 867 2533 po
891 2452 1011 2526 ulariter

309 2536 477 2594 :concitatae
491 2553 498 2591 :
513 2532 664 2593 accusabat
675 2531 806 2593 tribunus
823 2472 915 2614 pleiis
926 2531 1007 2608 idem

317 2617 349 2675 in
368 2614 579 2688 concionibus,
596 2613 678 2675 idem
696 2611 734 2673 ad
749 2610 898 2675 subsellia:
915 2612 1013 2693 adiab

305 2696 426 2756 dicium
443 2715 506 2756 non
520 2694 612 2755 modi>
626 2694 665 2761 ,de
680 2696 843 2767 concione,
856 2692 906 2755 sed
917 2696 1008 2772 etiarn

318 2798 385 2836 cum
411 2774 471 2857 ipsa
496 2779 638 2837 concione
658 2776 807 2836 veniebat.
830 2772 974 2845 ¹Gradus'

318 2857 451 2933 Aurelii,
467 2873 529 2917 tum
550 2859 642 2929 novi,
664 2858 745 2995 {uari
761 2855 975 2938 protheatro'
1021 2855 1025 2862 “

308 2935 431 3017 judicio
452 2936 584 3000 aedificati
599 2937 668 2997 vide
691 2954 796 2996 antur:
816 2937 951 3019 quosubi
997 2997 1002 3008 ,

320 3016 434 3093 cusator
456 3022 606 3079 concitaris
628 3018 797 3079 hominibus
823 3018 977 3099 comple,

289 3118 384 3168 „non
404 3100 494 3160 modi>
521 3097 637 3163 dicendi
663 3099 701 3160 ab
723 3120 797 3173 reo,
816 3096 867 3160 sed
890 3118 932 3170 ne,
959 3107 983 3170 ,’

308 3175 417 3260 -gendi
434 3180 553 3259 quidem
571 3180 702 3263 potestas
718 3196 828 3320 erat·C
843 3269 880 3331 v*
900 3198 904 3206 ’
927 3199 997 3254 §.nu
