2617 4209
414 689 510 761 Prto
537 689 582 760 A.
610 689 878 761 crorrrro.
920 707 992 784 109

314 821 401 877 rum,
422 801 454 864 δι
469 805 500 864 νί
518 799 731 867 tormentorum
749 802 881 877 addudi,
899 803 929 862 in
941 823 995 863 ve·

314 887 399 945 ritate
416 883 597 962 manserunt,
614 906 711 967 neque
726 884 756 945 se
770 884 927 966 quidquam
944 882 997 943 sci·

315 984 348 1024 re
366 964 507 1026 dixerunt.

316 1075 318 1080 ·
362 1063 425 1122 ¹77·
444 1043 575 1124 Quaestio
593 1046 643 1106 illo
656 1045 703 1106 die
715 1045 751 1105 de
766 1046 922 1104 amicorum
935 1039 999 1101 sen·

313 1128 404 1185 tentia
427 1125 535 1186 dimiffa
556 1124 607 1187 est.
630 1126 703 1186 Satis
726 1127 817 1207 longo
842 1122 997 1182 intervallo

312 1203 377 1286 post
392 1207 497 1267 iterum
515 1206 713 1267 advocantur:
732 1207 854 1266 habetur
870 1204 906 1264 de
923 1204 998 1262 inte-

312 1289 365 1366 'gro
385 1286 520 1367 quaestio:
539 1287 617 1348 nulla
633 1290 678 1349 vis
693 1302 905 1347 tormentorum
916 1303 997 1342 acer·

311 1368 452 1426 timorum
477 1369 727 1447 praetermittitur:
756 1363 878 1427 aversari
903 1364 999 1424 advo·

311 1448 392 1519 tati,
411 1447 444 1506 &
459 1444 517 1524 jam
528 1450 579 1505 vix
595 1446 671 1507 ferre
688 1444 769 1527 posse
788 1467 795 1505 :
815 1444 910 1506 furere
931 1466 997 1503 cru·

312 1526 388 1584 delis
415 1543 503 1608 atque
527 1526 695 1605 importuna
714 1526 843 1596 mulier,
865 1525 918 1583 sibi
942 1544 997 1582 ne·

315 1607 318 1614 '
355 1625 479 1686 aquam,
499 1623 530 1665 ut
549 1604 704 1688 speraffet,
721 1626 774 1680 ea,
790 1626 853 1687 quae
874 1601 997 1684 cogitas·

324 1702 372 1759 et,
389 1686 560 1765 procedere.
581 1686 685 1766 Quum
701 1684 759 1764 jam
772 1704 868 1747 tortor
881 1729 893 1757 ,
908 1701 995 1764 atque

311 1764 402 1827 essent
427 1782 573 1827 tormenta
595 1766 655 1849 ipsa
677 1766 809 1842 defessa,
832 1785 927 1904 negue
950 1781 995 1823 ta·

309 1866 380 1907 men
397 1847 446 1908 illa
467 1847 556 1908 finetn
574 1846 671 1908 facere
687 1849 778 1908 vellet
788 1869 801 1907 ι.
819 1849 867 1929 qui
889 1867 935 1905 am
957 1866 992 1905 ex

309 1927 483 2001 advocatis,
500 1928 593 1987 homo
608 1929 642 1987 δι’
658 1929 816 1989 honoribus
835 1927 936 2008 populi
947 1946 997 1986 or'-

310 2023 395 2067 natus
407 2052 416 2080 ‚
430 2008 462 2067 &
481 2007 592 2066 summ&
609 2008 715 2067 virtute
735 2009 890 2087 praeditus,
910 2005 996 2066 intel-

311 2088 401 2167 ligere
421 2086 449 2146 se
467 2086 557 2158 dixit,
577 2107 639 2147 non
656 2087 687 2145 id
702 2090 767 2166 agi,
783 2103 814 2145 ut
828 2107 929 2145 verum
949 2088 993 2144 in·

309 2168 485 2236 ueniretur3
505 2165 554 2226 sed
572 2185 604 2226 ut
622 2166 728 2247 aliquid
745 2166 807 2227 falsi
828 2165 923 2225 dicere
943 2186 996 2224 co·

310 2265 457 2327 gerentur.
483 2247 551 2306 Hoc
576 2246 728 2326 postquam
750 2248 838 2305 ceteri
859 2266 998 2323 compto·

310 2330 436 2398 barunt3
458 2347 495 2386 ex
508 2330 638 2386 omniunt
658 2326 797 2385 sententia
812 2325 996 2385 constitutum

312 2404 374 2478 est,
387 2406 451 2465 satis
470 2406 563 2465 videri
583 2404 639 2465 eise
658 2408 815 2485 quaesitum.

311 2513 315 2524 ¹
357 2486 423 2561 178.
447 2484 588 2546 Redditur
607 2485 775 2567 Oppianico
796 2483 993 2545 Nicostratus:

309 2565 447 2627 Larinum
464 2566 522 2647 ipsa
537 2565 723 2647 proficiscitur
741 2567 896 2638 cuminis,
920 2587 995 2625 rnoe·

308 2670 398 2721 rens,
419 2648 500 2728 qudd
520 2645 579 2724 jam
603 2649 681 2707 certe
702 2650 878 2707 incolumem
903 2643 993 2705 filium

308 2729 375 2789 fote
393 2730 534 2809 putabat,
552 2728 588 2786 ad
606 2748 692 2806 quem
706 2750 766 2787 non
784 2727 876 2785 rnodb
890 2746 993 2784 verum

309 2812 441 2881 crimen,
456 2809 505 2868 sed
521 2829 558 2867 ne
575 2807 638 2866 fitta
659 2808 774 2888 quidem
793 2806 909 2886 suspicio
924 2826 993 2884 per-

309 2891 448 2949 veniret:
472 2889 643 2947 &coinon
668 2890 759 2947 modo
779 2905 876 2968 aperta
900 2889 993 2944 inimi·

292 2988 412 3026 ‘corutn
429 2972 636 3048 oppugnatio,
664 2968 711 3027 sed
732 2990 767 3029 ne
790 2970 908 3027 occultae
929 2969 993 3046 qui·

312 3047 381 3106 dem
400 3052 495 3104 matris
510 3050 617 3107 insidiae
632 3071 738 3109 nocere
756 3047 920 3129 potuiffent,
942 3048 994 3103 La.-

311 3128 406 3185 rinum
421 3126 569 3204 postquam
585 3133 683 3188 venit:
702 3152 765 3209 quae
781 3130 941 3187 aStratone
958 3128 993 3181 il·

310 3209 341 3268 lo
365 3225 511 3270 venenum
532 3226 617 3270 antea
637 3212 701 3271 viro
719 3210 769 3271 suo
791 3212 889 3270 duum
909 3249 919 3279 ,
939 3207 992 3265 sibi
