2617 4209
398 357 499 429 Pno
525 358 562 429 L.
582 356 812 431 Munnnn.
870 374 952 458 327

262 488 385 545 manum
414 475 589 551 conseruit3
615 498 734 560 magnas
759 478 859 560 copias
882 475 954 541 hos-

262 558 338 634 tiunt
352 555 445 616 fudit:
459 558 546 618 urbes
560 560 667 639 partim
681 559 732 634 vi,
749 562 855 640 partim
872 561 955 621 obsi·

249 634 355 718 'diune
375 640 453 719 cepit
473 658 481 697 ι
501 635 605 697 Asiam
626 636 709 699 istam
727 639 890 715 refertam,
907 635 956 716 &a

265 716 401 778 eamdem
423 718 604 794 delicatam,
628 720 670 779 sic
689 720 789 793 obiit,
810 738 842 781 ut
859 723 890 780 in
916 740 956 781 aa

262 816 360 879 neque
380 799 528 873 avaritia,
547 818 644 880 neque
664 799 962 883 luxuriaeuestigiutn

262 878 430 961 reliquerit:
448 881 577 940 maximo
593 881 623 939 in
638 879 719 942 bello
738 882 779 941 sic
795 879 836 942 est
852 880 952 943 versa-

259 973 325 1033 tus,
342 975 375 1019 ut
391 961 437 1019 hic
450 960 555 1029 multas
567 980 614 1021 res
629 960 662 1020 &
679 980 799 1044 magnas
814 962 876 1023 sine
891 962 950 1023 int·

259 1055 397 1121 peratore
414 1038 552 1122 gesserit,
569 1039 679 1101 nullatn
697 1044 760 1102 sinc
776 1043 834 1103 hoc
849 1045 952 1124 impes

259 1136 349 1181 rator.
371 1120 473 1203 Atque
491 1122 581 1197 hauc,
605 1141 782 1205 quamquam
806 1122 952 1205 prasente

261 1198 298 1260 L.
318 1200 441 1263 Lucullo
458 1202 562 1285 loquar
577 1217 723 1278 ‚tamen‚
747 1221 785 1263 ne
806 1203 845 1262 ab
856 1202 954 1284 ipso,

262 1299 386 1363 propter
415 1282 575 1365 periculum
602 1280 731 1344 nostrum
751 1327 765 1357 ,
786 1280 952 1347 concessam

260 1361 413 1423 videantur
429 1364 538 1426 habere
552 1364 702 1425 licentiam
721 1361 873 1447 fingendi,
916 1385 953 1423 u·

257 1442 340 1503 blicis
362 1444 463 1504 litteris
486 1443 589 1506 testata
609 1444 673 1505 sunt
696 1448 821 1519 omnia;
845 1385 953 1526 quius

261 1521 299 1583 L.
326 1522 460 1583 Lucullus
482 1541 595 1585 tantum
618 1525 753 1587 Murenae
775 1526 868 1588 laudis
893 1527 952 1585 itu·
1005 1565 1009 1572 ·

261 1604 376 1682 pettit,
397 1618 535 1683 quantum
551 1623 648 1683 neque
667 1606 833 1667 ambitiosus
854 1609 951 1687 impe·
1021 1641 1023 1645 Α

258 1696 362 1756 rator,
386 1689 482 1763 neque
502 1682 644 1758 invidus,
666 1684 799 1747 tribuere
816 1686 898 1746 alteri
917 1689 950 1764 in

259 1761 504 1825 communicanda
519 1762 611 1845 gloria
627 1759 741 1823 debuit,

301 1861 350 1904 ιι.
372 1842 494 1906 Summa
513 1846 545 1903 in
565 1858 691 1925 utroque
716 1840 758 1903 est
782 1842 916 1905 honestas
936 1887 952 1919 ,

257 1922 366 1984 summa
386 1925 528 2007 dignitas3
549 1944 637 2005 quant
658 1942 738 2005 ego,
760 1923 786 1981 si
802 1924 872 1984 mihi
915 1944 951 1987 er

258 2003 393 2068 Servium
410 2006 517 2077 liceat,
528 2005 611 2086 pari,
628 2020 719 2084 atque
729 2001 834 2082 cadem
844 2006 877 2063 in
890 1945 950 2065 iiu-

258 2084 298 2145 de
314 2106 441 2167 ponatn:
458 2083 510 2145 sed
527 2103 589 2145 non
604 2084 689 2145 licet:
709 2086 799 2225 afiitat
816 2102 879 2145 tem
895 2087 951 2144 nti·

256 2166 401 2227 litatem:
428 2163 580 2230 infestatur
604 2180 701 2227 totam
747 2183 800 2225 ane
823 2158 952 2247 legatio·v

256 2266 342 2307 nem:
352 2246 521 2307 assiduitatis
531 2292 542 2323 ,
553 2247 586 2307 &
597 2266 756 2330 operatum
764 2246 866 2307 harum
877 2266 949 2328 quu-

256 2326 428 2388 tidianatutn
449 2344 531 2410 putat
555 2325 613 2389 effe
637 2325 826 2388 consulatum.
852 2325 947 2409 Apud

256 2409 415 2470 exercitum
429 2410 503 2469 mihi·
515 2407 619 2481 fueris,
636 2410 749 2487 inquit,
765 2422 812 2468 tot
828 2401 945 2470 annos!

256 2486 352 2550 fotum
375 2510 436 2551 non
466 2488 624 2572 attigeris?
652 2486 777 2549 abfueris
803 2488 949 2551 tamdiu?

243 2569 313 2642 '&,
329 2590 417 2651 quum
435 2570 527 2653 longo
544 2569 699 2631 intervallo
719 2572 853 2645 veneris,
875 2588 946 2630 cunt

255 2650 312 2721 iis,
333 2653 430 2729 quiin
448 2650 515 2712 foto
534 2652 722 2723 habitarunt,
744 2651 782 2711 de
805 2651 949 2733 dignitate

257 2729 441 2789 contendas?
456 2730 584 2804 Primum
595 2730 646 2791 ista
663 2729 759 2791 nostra
775 2732 948 2803 assiduitas,

257 2809 362 2882 Servi,
383 2809 471 2869 nescis
490 2854 499 2883 ‚
520 2828 659 2890 quantum
677 2809 823 2870 interdurn
843 2807 946 2868 afferat

256 2890 423 2953 hominibus
435 2887 558 2961 fastidii,
571 2907 710 2971 quantum
722 2889 857 2951 satietatis
869 2908 880 2948 t
892 2888 944 2948 mi·
