2617 4209
308 824 334 896 6
530 825 759 893 Onrrro
855 888 864 896 .

307 956 376 999 eum
399 938 518 999 tandem
544 936 606 1018 ejus
629 937 752 998 fortunae
778 933 888 997 miserae
914 938 1000 999 mul·

305 1035 428 1100 tumque
442 1016 575 1100 jadiatae,
590 1034 711 1101 portum
724 1039 757 1079 ae
769 1016 940 1100 perfugium
954 1018 999 1082 fu·

305 1116 412 1161 turum.

309 1245 313 1250 ,
349 1179 380 1243 8.
399 1179 534 1246 Tametsi
552 1180 695 1263 permulta
709 1180 796 1254 sunt,
817 1198 881 1261 quae
899 1178 999 1257 mihi,

307 1278 466 1343 antequam
479 1262 517 1323 de
527 1263 607 1323 causa
616 1262 710 1323 dicatu
720 1308 730 1337 ,
741 1262 780 1322 de
790 1262 998 1324 communibus

307 1343 423 1405 invidiae
443 1343 578 1425 periculis
594 1342 719 1405 dicenda
737 1340 794 1404 esse
815 1341 998 1405 videanturt

307 1438 429 1498 tamen,
448 1445 486 1486 ne
505 1424 611 1487 diutius
626 1426 760 1487 oratione
780 1422 848 1484 med
863 1419 998 1504 suspensa

307 1504 484 1587 exspediatio
498 1504 593 1569 vestra
612 1521 767 1577 teneatur,
787 1502 939 1588 aggrediar
960 1506 999 1567 ad

309 1588 420 1649 crimen
442 1607 509 1647 cum
529 1587 578 1648 illa
598 1585 831 1669 deprecatione,
853 1582 999 1663 Iudices,

309 1668 367 1750 qud
387 1666 456 1730 mihi
473 1667 572 1749 saepius
592 1669 733 1730 utendum
753 1664 809 1729 effe
831 1666 926 1727 intelli
947 1688 998 1743 o,

308 1752 350 1809 sic
366 1766 397 1811 ut
410 1769 458 1811 me
468 1748 589 1809 audiatis
600 1792 610 1822 ,
623 1751 706 1830 quasi
716 1748 773 1808 hoc
786 1687 1000 1828 temporedraec

308 1828 390 1892 causa
405 1830 531 1910 primum
550 1828 680 1902 dicatur,
693 1830 778 1890 sicuti
792 1828 916 1902 dicitur;
934 1850 999 1893 nort

308 1913 389 1993 quasi
407 1908 482 1991 saepe
497 1907 557 1989 jam
575 1908 672 1985 diua,
691 1910 725 1972 dt
744 1929 903 2005 numquam
923 1931 1002 1991 pro·

305 1993 378 2062 bata
394 1993 451 2052 sit:
469 1990 617 2054 hodierno
628 1994 708 2054 enim
726 1990 775 2053 die
793 1991 921 2072 prrmitm
941 2012 1001 2054 ve-

309 2076 377 2134 teris
405 2070 482 2134 istius
507 2073 633 2134 criminis
654 2071 782 2136 diluendi
805 2068 936 2153 potestas
957 2071 1000 2135 est

307 2154 396 2222 data:
419 2152 563 2216 antehoc
583 2170 700 2236 tempus
719 2174 800 2215 error
811 2154 840 2211 iu
853 2152 907 2212 hac
927 2174 1000 2215 cau-

309 2235 364 2309 sa,
386 2252 415 2296 at
437 2257 473 2299 ue
496 2235 606 2295 invidia
625 2234 736 2297 uersata
753 2230 804 2293 est.
836 2231 1001 2311 Quamob-

308 2338 398 2390 rem,
416 2257 487 2377 dum
500 2315 660 2376 multorum
678 2331 821 2375 annorum
840 2312 1003 2378 accusatio·

310 2400 341 2459 ni
359 2399 489 2461 breviter
506 2395 689 2479 dilucideque
703 2391 893 2476 respondeo,
912 2416 1002 2474 quae-

218 2504 221 2508 ·
307 2479 364 2550 so,
384 2496 416 2539 ut
438 2498 486 2541 me
503 2522 514 2552 ‚
534 2477 675 2553 iudices,
697 2478 778 2539 sicuti
794 2472 891 2535 fatere
914 2474 1003 2539 insti.

309 2557 422 2632 ruistis,
439 2558 567 2639 benigne
583 2558 753 2641 attentdquc
769 2556 903 2618 audiatis.

351 2638 413 2701 IV.
435 2634 602 2719 corrupisse
622 2638 724 2699 dicitur
735 2637 775 2699 A.
789 2636 943 2699 Cluentius
954 2634 1002 2717 ju·

314 2718 420 2782 dicium
432 2718 573 2801 pecunie,
584 2720 644 2801 qud
658 2719 806 2782 inimicum
817 2717 898 2780 suum
910 2720 1002 2782 inno·

296 2820 454 2882 centem,
470 2798 592 2862 Statium
612 2800 756 2877 Albium,
777 2799 1002 2863 condemnaret.

310 2880 498 2956 Ostendam,
518 2880 634 2944 ludices
653 2928 665 2955 ,
683 2883 810 2964 primum
830 2884 1001 2962 (quoniam

311 2979 399 3045 caput
418 2962 492 3026 illius
510 2964 667 3025 atrocitatis
686 2980 772 3045 atque
784 2961 900 3024 invidiae
918 2961 1001 3036 fuit,

311 3042 502 3117 innocentem
519 3045 642 3125 pecunii
661 3044 920 3112 circumventum)
939 3062 1002 3104 ne-

310 3126 422 3189 minem
446 3127 593 3207 umquam
607 3124 765 3206 maioribus
792 3120 959 3185 criminibus
983 3167 998 3199 ,

311 3205 494 3290 gratioribus
513 3204 632 3271 testibus
648 3204 706 3269 effe
723 3208 754 3267 in
773 3201 911 3282 judicium
935 3223 1000 3267 vo-

311 3304 429 3351 catum:
451 3288 557 3350 deinde
578 3308 612 3349 ea
632 3288 670 3349 de
692 3307 729 3348 eo
753 3281 919 3366 praejudicia
939 3283 1001 3349 effe

310 3368 387 3442 iada
399 3370 436 3434 ab
447 3370 515 3455 ipsis
528 3365 690 3452 judicibus,
705 3389 723 3431 a
738 3365 840 3450 quibus
857 3364 1000 3430 condent·
