2617 4209
335 399 407 475 Da
432 404 559 475 [κε
583 403 827 473 AGRARIA.
869 402 938 473 161·

263 517 348 598 Quid
367 541 415 581 me
430 519 480 580 istssa
493 519 620 593 laedunt,
633 517 743 593 scriba,
759 518 859 592 litter,
869 539 944 598 praed
981 575 983 580 .

262 620 302 660 co
323 644 333 675 ,
354 601 516 682 pullarius?
541 598 651 661 Omnia
674 599 737 660 sunt
760 600 819 660 hac
844 596 944 677 hujus-¹

261 680 372 754 modi,
392 681 547 761 Quirites,
571 697 603 741 ut
622 700 658 742 ea
678 683 726 761 qui
752 679 858 740 habeat
881 681 945 740 sine

261 759 361 822 vestris
380 760 515 844 suffragiis
535 806 546 836 ,
566 779 615 821 aut
632 781 684 822 rex
702 782 763 821 non
785 759 943 832 ferendus,

259 858 311 915 aut
329 844 456 922 privatus
473 840 593 903 furiosus
609 839 667 902 elle
686 841 829 902 videatur.

304 939 351 1001 33.
369 920 543 1006 perspicite,
558 939 665 1005 quanta
679 921 806 1003 potestas
826 921 946 1002 permit·

259 1018 353 1063 tatur:
375 1024 435 1064 non
455 1006 634 1085 privatorum
652 1001 809 1077 insaniam,
827 1002 875 1063 sed
898 1002 944 1060 in·

259 1084 447 1143 tolerantiam
473 1104 576 1165 regum
596 1081 653 1144 effe
673 1083 786 1143 dicetisa
816 1081 944 1143 Primum

260 1165 435 1243 permittitur
456 1161 567 1222 infinita
586 1161 716 1243 potestas
733 1161 945 1223 innumerabilia

285 1246 393 1303 ecu'niae
411 1241 597 1304 conficiendae
617 1244 656 1303 de
675 1240 775 1304 vestris
794 1242 946 1381 vedifi-

261 1264 335 1398 lus,
356 1346 417 1384 non
431 1324 579 1401 fruendis,
596 1324 646 1386 sed
664 1323 839 1385 alienandis:
882 1324 945 1381 ein·

262 1404 301 1464 de
324 1407 403 1465 orbis
418 1423 579 1480 tertarum,
599 1409 786 1488 gentiumque
811 1404 948 1465 omniurn*

261 1485 344 1546 datur
363 1490 492 1570 cognitio
512 1492 573 1548 sine
595 1482 717 1547 consilio
740 1532 749 1561 ‚
772 1508 861 1567 poena
879 1487 942 1546 sine

260 1572 496 1647 provocatione,
516 1569 728 1629 animadversio
744 1570 806 1628 sine
825 1566 943 1628 auxilio.

307 1664 353 1725 34.
379 1646 512 1708 ludicare
537 1669 590 1728 per
613 1650 868 1728 quinquennium,
891 1645 943 1709 vel

262 1725 301 1785 de
323 1726 512 1800 consulibus,
531 1728 580 1787 vel
599 1728 636 1787 de
653 1730 721 1807 ipsis
740 1727 860 1787 tribunis
878 1726 944 1807 ple·

261 1806 305 1866 bis
326 1825 464 1887 poterunt
484 1828 494 1879 3
515 1808 552 1867 de
580 1807 634 1867 illis
653 1810 764 1868 interea
787 1827 876 1866 nemo
897 1804 943 1884 ju-

262 1887 370 1949 dicabit
392 1912 399 1947 :
424 1883 601 1971 magistratus
622 1887 667 1945 his
693 1906 796 1969 gerere
817 1886 943 1961 licebit;

262 1968 376 2028 causam
397 1970 494 2028 dicere
512 1988 574 2027 non
588 1967 705 2026 licebit:
726 1976 824 2026 e‘mere
840 1986 942 2047 agros,

262 2069 280 2107 a
299 2050 401 2126 quibus
418 2048 542 2118 volent,
557 2047 606 2105 vel
623 2068 696 2127 quos
709 2047 837 2117 volent,
875 2044 944 2108 uim

261 2126 366 2189 volent
383 2148 511 2210 magno,
528 2143 685 2209 poterunt:
706 2127 835 2188 colonias
851 2068 945 2187 dedu·

262 2229 329 2269 cere
357 2231 478 2282 novas,
504 2228 646 2269 renovate
674 2227 819 2282 veteres,
846 2225 941 2269 totam

260 2288 374 2350 Italiam
396 2289 448 2354 suis
469 2290 590 2350 coloniis
609 2307 640 2349 ut
660 2292 810 2370 complere
829 2288 942 2365 liceat,

283 2374 457 2432 ermittitur:
479 2391 581 2432 omnes
601 2373 764 2451 provincias
782 2369 912 2430 obeundi
930 2414 941 2444 ,

239 2511 242 2518 ,
260 2393 368 2512 liberos
396 2452 522 2533 populos
546 2454 620 2533 agris
641 2450 809 2523 multandi,
836 2471 944 2534 regno·

262 2552 326 2589 rum
349 2534 397 2593 vel
423 2534 584 2592 dandorum
606 2530 715 2591 summa
736 2530 861 2612 potestas
887 2532 942 2591 da-

252 2623 335 2682 tur,
358 2634 446 2691 quum
465 2616 584 2674 velint:
612 2612 715 2673 Romae
741 2610 825 2683 effe,
851 2634 942 2693 quum

263 2692 453 2751 commodum
463 2697 515 2753 sit:
532 2714 713 2776 quacumque
725 2694 814 2753 velint
828 2694 943 2754 summo

264 2790 331 2828 cum
351 2772 494 2849 imperio,
511 2773 677 2854 judicioque
695 2777 825 2833 omnium
847 2791 944 2833 rerum

262 2852 363 2931 vagari
382 2866 413 2909 ut
433 2851 536 2925 liceat,
555 2856 743 2914 conceditur:
761 2856 871 2913 interea
888 2849 944 2911 dis·

261 2930 376 2993 solvant
393 2928 500 3013 judicia
520 2934 634 3014 publica
653 2955 662 2996 a
689 2935 726 2997 de
747 2933 870 2995 consiliis
891 2932 944 2994 ab·
