2617 4209
444 379 542 447 Pno
568 379 604 444 L.
630 379 864 446 Murum.
916 397 988 469 339

306 492 443 578 populo,
461 510 514 566 ut,
535 511 623 573 quem
643 490 743 550 locum
762 488 852 552 semel
873 490 995 550 honoris

309 576 435 655 cuipiam
449 571 579 645 dederit,
591 570 730 633 eumdem
744 571 860 652 reliquis
871 570 995 631 honori·

308 656 365 716 bus
387 652 493 714 debeat
510 651 522 710 ἒ
540 650 635 732 Quod
656 653 735 714 enim
756 649 885 725 fretum,
904 669 995 732 quem

309 733 451 815 Euripum
473 750 518 794 tot
540 749 660 806 motus,
681 747 797 803 tantas,
817 748 879 791 tam
900 732 996 792 varias

309 814 419 876 habere
432 815 538 895 putatis
551 815 721 895 agitationes
732 811 868 872 fluelunm
879 856 889 885 ,
902 833 997 893 qaian·

310 911 356 956 tas
373 896 619 977 perturbationes,
630 894 664 953 &
674 909 796 974 quantos
809 891 890 954 :estus
903 892 994 953 habet

310 976 385 1036 ratio
401 977 585 1038 comitiorum
604 974 615 1033 l
629 972 704 1036 Dies
717 970 887 1034 intermissus
902 994 995 1047 unus,

311 1073 363 1116 aut
379 1076 439 1116 nox
455 1056 644 1136 interposita,
662 1053 736 1134 saepe
755 1054 905 1135 perturbat
924 1073 996 1112 orn-

310 1138 383 1208 nia3
397 1135 430 1196 &
442 1151 537 1195 totam
550 1136 721 1215 opinionem
737 1155 828 1214 parva
845 1153 997 1193 nonnum-

312 1236 402 1298 quam
413 1232 573 1276 commutat
585 1235 653 1273 aura
667 1215 799 1274 rumoris.
810 1212 893 1293 Saepe
905 1214 996 1272 etiam

311 1300 376 1368 sine
388 1295 446 1356 ulla
458 1313 558 1377 aperta
570 1294 651 1355 cansa
664 1292 697 1354 fit
709 1293 786 1354 aliud
798 1310 884 1374 atque
898 1290 997 1353 existi·

312 1396 444 1450 mamus,
460 1394 493 1437 nt
505 1389 731 1457 'nonnumquam
749 1376 790 1435 ita
810 1373 917 1434 fanum
938 1370 997 1434 effe

313 1458 409 1596 ,ειὶἷειηξ
415 1457 541 1537 populus
556 1456 734 1530 admiretur3
748 1458 828 1539 quasi
842 1455 917 1519 verb
933 1473 997 1518 non

312 1559 324 1596 ι
358 1555 374 1595 e
406 1553 506 1595 ecem.

324 1557 344 1617 P
360 1613 408 1693 36.
417 1613 501 1672 Nihil
508 1611 549 1672 est
557 1615 691 1672 incertius
699 1613 806 1749 νιιὶἱο,
815 1615 885 1674 nihil
895 1614 999 1676 obscu-

315 1695 374 1756 rius
384 1692 537 1755 voluntate
549 1692 717 1766 hominum,
727 1695 757 1751 ni
778 1693 798 1750 il
809 1691 935 1754 fallacius
947 1715 998 1753 m·

315 1777 400 1835 tione
414 1773 478 1835 toti
491 1773 686 1833 comitiorum.
702 1771 780 1850 Quis
793 1770 1000 1852 L.Philippum

316 1855 431 1916 summo
444 1855 562 1936 ingenio
571 1875 610 1927 ,ο
633 1851 700 1925 eri,
712 1849 820 1933 gratia,
829 1850 1000 1925 nobilitate,

318 1956 337 1995 a
360 1933 405 1994 M.
431 1935 584 1996 Herennio
603 1874 633 1992 ill
656 1935 728 1992 erari
748 1925 829 2012 poffe
850 1930 1002 1993 arbitratus

260 2059 262 2088 2
318 2016 362 2076 est
379 2014 390 2073 l
408 2016 471 2094 quis
490 2015 534 2094 Q.
554 1954 715 2085 Catulltm,
734 2009 937 2084 humanitate,
955 2007 1003 2068 sa-

263 2161 265 2168 ,
319 2095 448 2176 pientii,
460 2095 623 2175 integritate
637 2091 882 2162 antecellentem,
901 2110 921 2151 a
942 2085 1004 2150 Cn'.

264 2217 267 2252 ·.
320 2172 460 2236 Manlio?
477 2176 539 2255 quis
552 2172 599 2234 M.
609 2172 765 2246 Scaurum,
776 2171 929 2238 liominem
941 2189 1005 2254 gra·

260 2299 268 2338 2
320 2257 493 2329 vissimum,
513 2256 610 2320 civem
628 2273 644 2314 e
666 2256 798 2350 regium,
812 2249 1004 2313 fortissimum

260 2381 271 2412 ,
321 2335 509 2410 senatorem,
529 2357 547 2397 a
565 2333 609 2476 (Ξ.
667 2355 764 2395 axrmo
783 2331 795 2392 l
815 2331 888 2393 Non
908 2329 1004 2394 modis

260 2413 273 2522 ’ἓ
322 2415 427 2476 horum
444 2414 514 2475 nihil
529 2418 569 2476 ita
593 2435 645 2476 ore
664 2431 795 2496 putatum
808 2412 876 2486 est,
895 2410 945 2475 sed
962 2432 1004 2476 ne

260 2537 276 2580 ι
301 2511 304 2517 ·
322 2516 413 2577 quum
426 2494 495 2558 esset
505 2496 612 2557 saltum
630 2496 768 2577 quidem,
821 2512 870 2555 ate
882 2495 923 2556 ita
938 2492 1005 2556 fac·

260 2603 278 2662 b
324 2592 388 2640 tum
398 2573 472 2647 ¹effer
490 2619 499 2649 ,
517 2577 638 2657 intelligi
651 2579 758 2658 potuit.
812 2595 860 2635 am
874 2591 907 2635 ut
922 2591 1005 2638 tem·

324 2651 449 2736 pestates
460 2653 536 2734 sape
549 2672 630 2716 certo
644 2657 741 2738 aliquo
751 2654 818 2717 coeli
827 2658 911 2738 signo
921 2673 1007 2716 com·
1043 2707 1046 2712 .

260 2763 280 2822 Ξ·
326 2746 483 2798 moventur
494 2776 504 2805 ,
517 2731 591 2813 saepe
606 2737 768 2814 improvisi>
783 2735 862 2796 nulla
872 2755 910 2796 ex
925 2739 1013 2798 cetu·

260 2860 280 2890 e
326 2814 463 2886 ratione,
484 2810 604 2872 obscura
612 2813 706 2893 aliqua
722 2836 760 2876 ex
775 2813 857 2875 causa
876 2815 1007 2875 excitan-

325 2911 389 2966 tur:
402 2892 442 2960 sic
456 2894 486 2954 in
501 2891 556 2959 hae
569 2893 755 2960 comitiorum
768 2891 1010 3042 temssellatepos
1048 2899 1052 2904 '

866 2974 887 3058 it
