2617 4209
396 408 423 493 '4
425 413 475 493 50
490 395 617 467 oriar.
629 388 717 462 Pro
726 387 904 460 Arcum
919 387 1066 466 PottA.

396 511 583 594 comprobari
596 528 660 570 tum
671 508 835 591 dignitate,
854 523 923 567 tunt
935 509 1024 568 etiaut
1036 509 1080 570 tt3

395 592 498 654 tustate
510 614 519 666 ;
533 594 650 673 ingenio
664 609 765 651 nutem
780 603 896 662 tanto,
913 589 1081 670 quarunt,

397 677 537 735 convenit
553 670 723 745 existimari,
736 669 823 752 quud
838 667 1023 730 summorum
1037 671 1079 732 hu·

397 757 507 816 minum
530 754 650 836 ingeniis
675 750 844 832 expetitum
863 747 929 811 effe
952 751 1080 824 videntia

397 833 479 894 cauti
495 836 568 895 verb
583 832 743 912 ejusmodi,
757 849 829 913 quae
842 828 998 894 beneficio
1007 833 1080 906 letis,

397 915 568 976 uuaoritate
586 914 755 995 municipii,
766 911 950 974 testimonio
968 885 1080 986 Laetili,

397 996 502 1056 tabulis
520 995 634 1056 Metelli
650 994 884 1075 comprobetur.
914 993 994 1074 Quae
1009 1013 1079 1076 quun
1112 1037 1114 1064 Ι

398 1079 437 1136 ita
454 1079 530 1151 sint3
547 1077 673 1156 petimus
685 1098 701 1135 a
713 1075 826 1150 vobis,
842 1073 971 1135 Iudices
982 1121 995 1150 ,
1007 1079 1028 1134 si
1037 1093 1079 1156 qur

398 1177 460 1217 non
483 1158 575 1217 morib
593 1158 746 1227 humana,
763 1158 879 1218 verum
897 1158 990 1217 etiam
1003 1155 1079 1216 dirim

399 1239 430 1296 in
443 1240 528 1298 tantis
542 1238 667 1319 negotiis
682 1236 919 1306 commendatio
930 1237 1017 1297 debet
1024 1233 1077 1309 effu

397 1335 431 1378 ut
450 1336 539 1389 eum,
561 1322 609 1399 qui
631 1337 709 1391 vos,
729 1319 781 1399 qui
797 1314 923 1377 vestros
939 1319 1079 1402 imperato·

401 1417 468 1472 res,
484 1400 534 1479 qui
547 1397 649 1479 populi
666 1397 797 1458 Romani
808 1417 859 1457 res
873 1396 975 1482 gestas
990 1399 1078 1481 semper

399 1481 533 1550 ornavit3
553 1483 601 1559 qui
621 1481 711 1539 etiam
727 1479 772 1537 his
785 1477 967 1540 recentibus
982 1477 1078 1552 nostris,

399 1556 556 1640 vestrisque
575 1557 741 1619 domesticis
778 1559 903 1620 ericulis
918 1557 1078 1623 aetetuumst

398 1637 598 1699 testimonium
611 1639 730 1699 laudum
764 1656 888 1700 aturum
907 1639 970 1705 effe
987 1641 1079 1726 profite

400 1736 467 1792 tur;
486 1723 592 1803 quique
610 1719 651 1782 est
674 1741 712 1780 eo
732 1741 894 1797 numero,
919 1723 975 1808 qui
991 1724 1045 1786 sem

401 1800 480 1881 apud
497 1819 601 1862 omnes
610 1800 696 1861 santii
706 1799 772 1861 sunt
782 1801 898 1878 habiti,
912 1822 1007 1887 atque
1020 1741 1080 1876 dig:

402 1884 443 1940 sic
460 1882 490 1940 in
502 1880 626 1952 uestram
644 1881 792 1961 accipiatis
810 1879 937 1959 fidem,
956 1905 991 1947 ut
1003 1887 1079 1947 hun

402 1963 493 2022 nitate
516 1961 608 2025 vestri
625 1962 738 2023 levatus
756 1965 887 2043 potius,
908 1968 1005 2050 quim
1023 1987 1080 2029 ater·

402 2043 493 2104 bitate
510 2045 636 2103 violatus
652 2041 711 2104 effe
726 2043 882 2106 videatur.

445 2140 492 2202 32.
510 2124 587 2204 Quae
602 2126 639 2185 de
655 2122 738 2184 causa
755 2146 812 2206 pro
829 2147 904 2189 mea
922 2129 1080 2193 contuemur

401 2223 440 2265 ne
459 2206 607 2276 breviter,
623 2205 857 2287 simpliciterque
871 2208 958 2287 dixi,
973 2213 1080 2282 Iudices,

402 2305 437 2344 ea
447 2283 565 2346 confido
578 2287 702 2367 probata
716 2283 773 2347 'effe
786 2290 957 2353 omnibust
972 2311 1080 2377 quaeuu

403 2365 484 2440 fori,
503 2387 599 2448 neque
614 2363 740 2447 judiciali
756 2368 1003 2441 consuetudine,
1024 2373 1080 2437 &de

403 2445 529 2506 hominis
545 2450 679 2530 ingenie,
694 2449 726 2510 &
738 2457 953 2516 communiter
967 2457 1007 2518 de
1021 2457 1080 2538 ipsiu

400 2523 494 2586 studio
512 2531 624 2588 locutus
641 2528 730 2601 sum,
749 2551 802 2604 ea,
821 2530 977 2612 Iudices,
994 2537 1079 2599 avoir

401 2603 485 2686 spero
502 2606 558 2699 effe
576 2611 605 2668 in
626 2610 738 2671 bonam
752 2630 872 2693 partem
895 2617 1079 2701 accepturi

403 2706 441 2750 eo
451 2732 464 2763 ,
475 2691 524 2773 qui
538 2690 677 2771 judicium
692 2711 832 2772 exercet,
853 2700 943 2765 cette
953 2700 1027 2767 scio.
