2617 4209
331 560 427 629 Pno
452 560 651 628 Auenti
678 552 851 628 Poura,
885 558 966 656 443

282 672 360 756 Quae
378 673 451 736 veri>
469 673 622 747 accurate,
642 670 828 757 cogitateque
846 669 985 759 scripsisq'

281 755 345 829 set3
363 775 398 816 ea
417 757 457 816 sic
476 755 538 815 vidi
558 755 699 836 probari,
719 771 750 814 ut
772 753 809 813 ad
834 754 975 815 veterum

280 834 451 917 scriptorum
465 835 581 896 laudern
595 838 792 917 pervenirent.
806 832 893 893 Hunc
906 834 975 895 ιιοιιΞ

282 937 340 998 ego
357 915 498 999 diligam?
512 938 572 977 nori
587 916 734 976 admirer?
750 936 810 976 non
824 917 906 975 omni
920 937 968 979 ra·

281 999 363 1058 tione
385 997 603 1059 defendendum
625 995 756 1078 putem?
779 996 870 1077 Atqui
891 995 968 1059 sica

279 1077 397 1139 summis
413 1078 599 1150 hominibus,
614 1076 865 1160 eruditissimisque
881 1083 976 1138 acce-¹

281 1161 397 1240 pimus,
416 1174 577 1220 ceterarum
596 1178 692 1218 rerum
709 1156 823 1230 studia,
842 1156 875 1219 &
892 1156 976 1219 doc-'

282 1240 376 1312 trini,
389 1239 421 1298 δι
431 1241 603 1320 praeceptis,
617 1238 649 1298 δι
661 1255 723 1298 arte
732 1236 861 1299 constare
872 1259 882 1313 3
892 1240 976 1321 poi³¹

282 1336 342 1379 ram
359 1318 459 1379 narmi
473 1319 535 1400 ipsi
551 1319 671 1391 valere,
687 1318 718 1377 &
736 1321 840 1378 mentis
856 1318 974 1381 viribus·

284 1399 424 1471 excitari,
442 1399 474 1458 ἃ
498 1401 579 1482 quasi
603 1398 705 1459 divino
767 1399 855 1458 odam
872 1397 977 1480 spiriru'

283 1479 386 1540 inflari.
406 1478 507 1560 Quare
525 1479 576 1540 suo
594 1476 659 1558 jure
679 1498 719 1539 no
744 1496 776 1540 er
791 1479 840 1540 ille
861 1477 970 1540 Ennius

282 1559 394 1621 sanilos
411 1560 540 1642 appellat
556 1560 682 1643 poitas,
701 1560 781 1643 quod
799 1560 879 1643 quasi
899 1560 971 1623 deo·

283 1661 348 1701 rum
364 1639 461 1723 aliquo
477 1640 558 1702 dono
576 1658 664 1724 atque
679 1658 801 1704 munere
812 1658 969 1704 commend
1063 1634 1073 1659 ⁶

284 1723 343 1782 dati
359 1723 443 1782 nobis
457 1720 513 1782 elle
527 1723 690 1783 videantur.

328 1818 375 1879 19.
393 1800 436 1860 Sit
449 1804 559 1882 igitur,
578 1800 721 1874 ludices,
744 1801 869 1864 fandum
890 1802 970 1886 apud

283 1903 339 1942 vos
352 1926 362 1955 ‚
377 1880 600 1940 humanissimos
614 1878 751 1941 homiues
766 1927 776 1955 ‚
795 1882 854 1944 hoc
872 1888 972 1964 podtae

284 1982 415 2035 nomen,
431 1960 512 2043 quod
521 1959 600 2021 nulla
611 1979 749 2041 umquam
760 1962 894 2024 barbaria
905 1964 973 2024 vio·
1099 2010 1101 2021 .

284 2044 366 2104 lavit.
378 2040 452 2104 Sarra
469 2042 501 2105 &
515 2040 683 2102 solitudines
693 2044 760 2101 voci
773 2042 948 2125 respondem
957 2062 977 2120 3·

285 2123 382 2186 bestia
394 2122 467 2218 faepe
481 2126 624 2183 immanes
639 2134 725 2181 'cantu
742 2118 913 2197 deduntur,
923 2122 979 2185 ati

285 2225 343 2287 que
358 2202 598 2265 consillumsnos
613 2199 730 2261 instituti
748 2203 833 2264 rebus
850 2227 868 2265 o
892 2205 970 2266 rimis

286 2302 348 2345 non
365 2289 519 2366 poisatum
537 2302 614 2344 voce
630 2302 804 2344 moveamur
821 2283 832 2343 ἓ
884 2283 980 2346 ome-³

285 2384 350 2426 mm
367 2357 551 2446 Colophonii
570 2366 665 2426 civem
684 2358 740 2426 effe
760 2363 859 2424 dicunt
873 2365 975 2427 suum:

286 2445 354 2506 Chii
368 2442 449 2506 suum
466 2446 635 2521 vindicant,
652 2444 798 2507 Salaminii
816 2462 974 2529 repetunt,

287 2527 432 2609 Smymaei
450 2524 524 2589 veris
542 2523 622 2587 suurn
639 2524 698 2588 elie
714 2526 886 2588 confirmant
897 2549 905 2587 τ
917 2529 980 2590 isa&

308 2629 345 2670 ue
364 2611 452 2670 etiam
471 2606 623 2668 delubrum
643 2604 706 2666 e‘us
725 2600 759 2666 'in
783 2609 895 2691 oppido
914 2606 979 2672 de*¹

310 2694 457 2751 'caverunt
468 2710 476 2749 τ
488 2686 624 2771 permulti
635 2628 682 2748 alii
696 2700 833 2771 preterea
842 2686 982 2775 pugnaris¹

288 2772 364 2830 inter
380 2764 535 2853 se‚·atque
555 2766 746 2830 contendunt.
902 2794 906 2801 ·
934 2788 948 2799 ··
969 2792 981 2851 j

330 2848 393 2910 IX.
410 2849 489 2934 Ergo
502 2853 542 2912 illi
556 2851 701 2924 alienum,
718 2850 783 2934 quia
798 2854 886 2933 poita
897 2848 951 2911 fuir
961 2846 982 2926 ῥ’

289 2928 355 3013 poll
376 2949 503 2992 mortem
527 2935 615 2992 etiam
635 2948 775 3015 expetunt
792 2950 800 2990 t
819 2950 876 2991 nos
895 2931 982 2992 hunc'

290 3015 393 3073 vivum
404 3058 414 3087 ‚
427 3015 477 3095 qui
495 3012 528 3072 ὃ(
545 3013 717 3089 voluntate,
731 3015 763 3074 δι
779 3010 892 3095 legibus
907 3008 976 3072 nos·

292 3111 339 3156 rer
359 3090 424 3172 est,
444 3090 658 3177 repudiabimus
677 3094 688 3159 ἰ
707 3090 977 3235 praeseqimquum

843 3196 876 3258 Vl
