2617 4209
368 693 471 763 Pio
494 692 541 763 A.
570 694 835 770 Cunnum.
893 707 943 787 ις

260 808 304 872 Α.
322 804 594 881 Aurius,virfottis
604 851 614 881 ‚
624 807 657 868 &
666 808 838 887 experiens,
850 804 881 868 &
894 805 950 868 do·

259 890 302 952 mi
322 888 428 950 nobilis
446 934 456 964 ‚
476 887 525 950 M.
541 888 615 949 illius
634 887 717 948 Antii
741 889 951 969 propinquus,

259 971 290 1044 in
307 967 392 1045 foto,
423 970 498 1031 alam
509 1013 523 1044 ,
534 969 632 1030 multis
642 966 824 1029 audientibus
836 1014 846 1043 ,
856 988 949 1049 quum
1006 979 1010 986 '

258 1048 368 1114 adeffet
418 1052 587 1132 ppiauicus‚
602 1050 725 1126 recitat,
740 1049 773 1128 oc
789 1048 949 1120 clarissima

257 1152 336 1194 voce
356 1131 385 1193 se
400 1152 512 1195 nomen
524 1130 706 1214 Oppianici,
723 1132 746 1190 si
760 1128 948 1192 interfecium

257 1211 311 1354 Mti
327 1211 453 1274 Aurium
475 1209 683 1294 competiiiet,
703 1210 866 1273 delaturum
888 1208 950 1273 effe

255 1310 287 1356 ie
312 1311 386 1355 atur.
965 1344 974 1361 ι.

301 1394 349 1450 24.
381 1373 502 1437 Interim
527 1375 613 1436 brevi
635 1389 774 1454 tempore
801 1372 871 1447 ilii,
896 1372 950 1454 qui

256 1474 340 1532 erant
355 1458 386 1516 in
406 1477 509 1537 agrum
526 1455 674 1518 Gallicum
687 1453 839 1535 profeiii‚
860 1453 951 1514 Lati·

256 1557 330 1598 num
339 1552 541 1597 revertuntur:
557 1534 742 1597 interfeuum
752 1532 809 1597 esse
828 1534 874 1595 M.
884 1538 948 1595 Au·

257 1618 333 1678 rium
350 1619 542 1677 renuntiant:
566 1617 656 1676 animi
674 1636 736 1677 non
756 1614 851 1675 solum
871 1636 947 1695 pto·

256 1699 457 1779 pinquorum,
480 1696 640 1759 sedetiam
665 1696 798 1756 omnium
825 1695 951 1755 Latina-

255 1780 329 1843 tium
342 1779 414 1840 odio
427 1778 604 1860 Oppianici,
620 1778 652 1839 &
662 1777 736 1839 iliius
753 1774 951 1838 adolescentia

255 1859 450 1923 misericordia
467 1875 706 1922 commoventur.
732 1856 834 1939 Itaque
854 1876 948 1939 quum

255 1940 297 2002 Α.
321 1941 456 2016 Aurius,
477 1944 527 2023 qui
549 1956 633 2001 antea
651 1939 861 2013 denuntiarat,
885 1937 947 1998 cla·

255 2041 343 2082 more
361 2023 538 2095 hominem,
557 2042 592 2082 ac
610 2022 696 2082 minis
713 2019 825 2101 insequi
841 2016 948 2100 coepis-

256 2100 320 2176 ¹set3
343 2100 447 2164 Larino
464 2124 519 2183 pro
583 2118 619 2176 t,
636 2102 669 2162 &
687 2100 717 2163 se
732 2103 762 2160 in
777 2098 867 2161 castra
884 2098 951 2176 ciaff

255 2184 359 2246 rissimi
375 2186 451 2257 viti,
467 2183 512 2263 Q
521 2102 644 2245 fffiteffi
653 2226 665 2256 ,
681 2181 815 2243 contulit.

300 2282 348 2404 τι).
378 2263 445 2326 Post
467 2265 547 2324 illam
566 2263 665 2347 fugam
684 2265 717 2324 δι
741 2260 884 2333 sceleris,
910 2259 945 2321 &

255 2364 314 2404 con
326 2347 439 2406 cientiae
456 2336 581 2418 testem,
593 2362 752 2423 numquam
766 2341 795 2402 fe
814 2339 950 2420 judiciis,

256 2444 416 2505 numquam
443 2423 589 2505 iegibus,
616 2444 773 2504 numquam
800 2424 946 2482 inermem

256 2506 380 2564 inimicis
396 2508 579 2580 committere
596 2502 675 2564 aufits
693 2502 754 2565 est:
772 2500 822 2563 sed
839 2522 893 2583 pet
907 2503 946 2563 il·

254 2584 367 2646 lami..
387 2584 473 2647 Sullae
489 2588 551 2647 vim
565 2601 652 2667 atque
670 2586 842 2654 viciorum,
863 2583 948 2643 Lari·

254 2687 325 2727 uum
340 2669 370 2727 in
388 2666 501 2728 summo
518 2669 624 2728 timore
644 2670 795 2741 omnium,
813 2686 880 2725 cum
899 2681 946 2723 at*

254 2751 340 2824 matis
356 2748 526 2810 advolavit:
536 2767 660 2829 quatuor
673 2753 753 2808 viros
765 2792 775 2821 ‚
810 2768 862 2805 uos
875 2766 943 2804 mu·

252 2831 367 2910 nicipes
383 2828 542 2904 fecerant,
560 2827 666 2890 sustulit
684 2851 691 2888 ε
713 2828 741 2889 se
756 2851 772 2887 a
790 2768 889 2896 iuna,
911 2827 945 2886 &

254 2909 329 2974 elios
340 2926 481 2991 praterea
491 2926 569 2984 tres,
579 2910 670 2971 facios
686 2908 743 2971 effe
753 2909 842 2968 dixit:
861 2907 944 2967 &ab

256 2989 369 3068 eodem
381 2988 507 3068 tibiess'e
519 2993 711 3073 imperatum,
729 3008 759 3050 ut
774 2990 896 3049 Aurium
911 2988 945 3047 il·

257 3065 339 3146 hn,
350 3072 403 3153 qui
416 3072 470 3134 sibi
483 3071 661 3134 delationem
680 3074 824 3144 nominis,
844 3072 874 3130 &
891 3090 943 3129 ca-

256 3149 335 3247 pitia¹
389 3153 396 3168 '
446 3173 495 3214 um
507 3151 686 3227 ostentarat,
701 3155 731 3215 &
745 3153 866 3212 alterum
878 3149 943 3207 Au-

255 3247 373 3678 UU‘
508 3231 568 3312 fia,
584 3235 675 3306 filium
695 3280 708 3310 ,
732 3235 765 3296 ὅ(
785 3232 853 3294 Sex.
872 3230 942 3289 Vir·

235 3669 327 3842 s
585 3633 782 3845 'tut
