<?xml version="1.0" encoding="UTF-8"?>
<!DOCTYPE html PUBLIC "-//W3C//DTD XHTML 1.0 Transitional//EN"
    "http://www.w3.org/TR/xhtml1/DTD/xhtml1-transitional.dtd">
<html xmlns="http://www.w3.org/1999/xhtml" xml:lang="en" lang="en">
 <head>
  <title>
</title>
<meta http-equiv="Content-Type" content="text/html;charset=utf-8" />
  <meta name='ocr-system' content='tesseract 3.04.00' />
  <meta name='ocr-capabilities' content='ocr_page ocr_carea ocr_par ocr_line ocrx_word'/>
</head>
<body>
  <div class='ocr_page' id='page_1' title='image "./mtulliiciceroni08lallgoog_0448.png"; bbox 0 0 2617 4209; ppageno 0'>
   <div class='ocr_carea' id='block_1_1' title="bbox 331 348 791 456">
    <p class='ocr_par' dir='ltr' id='par_1_1' title="bbox 331 348 791 456">
     <span class='ocr_line' id='line_1_1' title="bbox 331 348 791 456; baseline -0.022 -25"><span class='ocrx_word' id='word_1_1' title='bbox 331 353 448 452; x_wconf 81' lang='lat'><strong>468.</strong></span> <span class='ocrx_word' id='word_1_2' title='bbox 538 348 791 456; x_wconf 70' lang='lat' dir='ltr'>¹On&#39;arrn</span> 
     </span>
    </p>
   </div>
   <div class='ocr_carea' id='block_1_2' title="bbox 331 462 1022 536">
    <p class='ocr_par' dir='ltr' id='par_1_2' title="bbox 331 462 1022 536">
     <span class='ocr_line' id='line_1_2' title="bbox 331 462 1022 536; baseline -0.012 0"><span class='ocrx_word' id='word_1_3' title='bbox 331 465 456 536; x_wconf 81' lang='lat' dir='ltr'>rioribus&#39;</span> <span class='ocrx_word' id='word_1_4' title='bbox 483 470 689 531; x_wconf 85' lang='lat' dir='ltr'>continuorum</span> <span class='ocrx_word' id='word_1_5' title='bbox 719 484 873 527; x_wconf 88' lang='lat' dir='ltr'>annorum</span> <span class='ocrx_word' id='word_1_6' title='bbox 903 462 1022 528; x_wconf 74' lang='lat' dir='ltr'>decretis</span> 
     </span>
    </p>
   </div>
   <div class='ocr_carea' id='block_1_3' title="bbox 1081 178 1096 418">
    <p class='ocr_par' dir='ltr' id='par_1_3' title="bbox 1081 178 1096 418">
     <span class='ocr_line' id='line_1_3' title="bbox 1088 178 1096 250; baseline 0 0"><span class='ocrx_word' id='word_1_7' title='bbox 1088 178 1096 250; x_wconf 76' lang='lat' dir='ltr'>r</span> 
     </span>
     <span class='ocr_line' id='line_1_4' title="bbox 1081 317 1092 418; baseline 0 0"><span class='ocrx_word' id='word_1_8' title='bbox 1081 317 1092 418; x_wconf 88' lang='lat' dir='ltr'>l</span> 
     </span>
    </p>
   </div>
   <div class='ocr_carea' id='block_1_4' title="bbox 334 546 1090 616">
    <p class='ocr_par' dir='ltr' id='par_1_4' title="bbox 334 546 1090 616">
     <span class='ocr_line' id='line_1_5' title="bbox 334 546 1090 616; baseline -0.017 0"><span class='ocrx_word' id='word_1_9' title='bbox 334 550 497 616; x_wconf 76' lang='lat' dir='ltr'>decesserit.</span> <span class='ocrx_word' id='word_1_10' title='bbox 520 548 907 610; x_wconf 76' lang='lat' dir='ltr'>Srnnwsconsuarum.</span> <span class='ocrx_word' id='word_1_11' title='bbox 924 546 1022 608; x_wconf 81' lang='lat' dir='ltr'>Prori·</span> <span class='ocrx_word' id='word_1_12' title='bbox 1087 603 1090 612; x_wconf 85' lang='grc'>,</span> 
     </span>
    </p>
   </div>
   <div class='ocr_carea' id='block_1_5' title="bbox 335 626 1024 793">
    <p class='ocr_par' dir='ltr' id='par_1_5' title="bbox 335 626 1024 793">
     <span class='ocr_line' id='line_1_6' title="bbox 335 626 1024 713; baseline -0.016 -16"><span class='ocrx_word' id='word_1_13' title='bbox 335 645 418 697; x_wconf 84' lang='lat' dir='ltr'>mum</span> <span class='ocrx_word' id='word_1_14' title='bbox 435 629 476 692; x_wconf 85' lang='lat' dir='ltr'>est</span> <span class='ocrx_word' id='word_1_15' title='bbox 487 650 578 713; x_wconf 85' lang='lat' dir='ltr'>ergo,</span> <span class='ocrx_word' id='word_1_16' title='bbox 593 646 625 690; x_wconf 90' lang='lat' dir='ltr'>ut</span> <span class='ocrx_word' id='word_1_17' title='bbox 640 650 716 709; x_wconf 90' lang='lat' dir='ltr'>opus</span> <span class='ocrx_word' id='word_1_18' title='bbox 733 627 826 688; x_wconf 86' lang='lat' dir='ltr'>suerit</span> <span class='ocrx_word' id='word_1_19' title='bbox 839 626 948 702; x_wconf 75' lang='lat' dir='ltr'>classe,</span> <span class='ocrx_word' id='word_1_20' title='bbox 962 648 1024 687; x_wconf 88' lang='lat' dir='ltr'>nec·</span> 
     </span>
     <span class='ocr_line' id='line_1_7' title="bbox 336 707 1024 793; baseline -0.02 -15"><span class='ocrx_word' id='word_1_21' title='bbox 336 731 402 787; x_wconf 83' lang='lat' dir='ltr'>ne,</span> <span class='ocrx_word' id='word_1_22' title='bbox 426 731 595 793; x_wconf 78' lang='lat' dir='ltr'><strong>quaeramus.</strong></span> <span class='ocrx_word' id='word_1_23' title='bbox 618 710 727 769; x_wconf 70' lang='lat' dir='ltr'>Utrum</span> <span class='ocrx_word' id='word_1_24' title='bbox 744 711 837 789; x_wconf 83' lang='lat' dir='ltr'>igitur</span> <span class='ocrx_word' id='word_1_25' title='bbox 857 708 920 768; x_wconf 88' lang='lat' dir='ltr'>hoc</span> <span class='ocrx_word' id='word_1_26' title='bbox 940 707 1024 769; x_wconf 84' lang='lat' dir='ltr'>Graci</span> 
     </span>
    </p>
   </div>
   <div class='ocr_carea' id='block_1_6' title="bbox 337 790 1091 865">
    <p class='ocr_par' dir='ltr' id='par_1_6' title="bbox 337 790 1091 865">
     <span class='ocr_line' id='line_1_8' title="bbox 337 790 1091 865; baseline -0.015 -9"><span class='ocrx_word' id='word_1_27' title='bbox 337 793 489 865; x_wconf 79' lang='lat' dir='ltr'>statuent,</span> <span class='ocrx_word' id='word_1_28' title='bbox 511 807 559 851; x_wconf 88' lang='lat' dir='ltr'>aut</span> <span class='ocrx_word' id='word_1_29' title='bbox 577 790 641 850; x_wconf 83' lang='lat' dir='ltr'>ullae</span> <span class='ocrx_word' id='word_1_30' title='bbox 663 805 775 849; x_wconf 79' lang='lat' dir='ltr'>exrerae</span> <span class='ocrx_word' id='word_1_31' title='bbox 801 792 944 850; x_wconf 86' lang='lat' dir='ltr'>nationes</span> <span class='ocrx_word' id='word_1_32' title='bbox 965 834 975 863; x_wconf 87' lang='lat'>,</span> <span class='ocrx_word' id='word_1_33' title='bbox 993 807 1023 846; x_wconf 84' lang='lat' dir='ltr'>an</span> <span class='ocrx_word' id='word_1_34' title='bbox 1088 813 1091 824; x_wconf 93' lang='lat'>·</span> 
     </span>
    </p>
   </div>
   <div class='ocr_carea' id='block_1_7' title="bbox 337 867 1027 1115">
    <p class='ocr_par' dir='ltr' id='par_1_7' title="bbox 337 867 1027 1115">
     <span class='ocr_line' id='line_1_9' title="bbox 337 867 1024 953; baseline -0.013 -17"><span class='ocrx_word' id='word_1_35' title='bbox 337 871 424 936; x_wconf 80' lang='lat' dir='ltr'>vestri</span> <span class='ocrx_word' id='word_1_36' title='bbox 441 888 604 953; x_wconf 85' lang='lat' dir='ltr'>praetores,</span> <span class='ocrx_word' id='word_1_37' title='bbox 622 867 711 929; x_wconf 85' lang='lat' dir='ltr'>vestri</span> <span class='ocrx_word' id='word_1_38' title='bbox 731 869 850 945; x_wconf 79' lang='lat' dir='ltr'>duces,</span> <span class='ocrx_word' id='word_1_39' title='bbox 874 868 962 930; x_wconf 85' lang='lat' dir='ltr'>vestri</span> <span class='ocrx_word' id='word_1_40' title='bbox 978 871 1024 928; x_wconf 85' lang='lat' dir='ltr'>im·</span> 
     </span>
     <span class='ocr_line' id='line_1_10' title="bbox 337 948 1025 1037; baseline -0.01 -23"><span class='ocrx_word' id='word_1_41' title='bbox 337 950 509 1037; x_wconf 83' lang='lat' dir='ltr'>peratores?</span> <span class='ocrx_word' id='word_1_42' title='bbox 526 949 670 1032; x_wconf 81' lang='lat' dir='ltr'>Equidem</span> <span class='ocrx_word' id='word_1_43' title='bbox 687 948 849 1025; x_wconf 86' lang='lat' dir='ltr'>existimo,</span> <span class='ocrx_word' id='word_1_44' title='bbox 865 953 898 1010; x_wconf 92' lang='lat' dir='ltr'>in</span> <span class='ocrx_word' id='word_1_45' title='bbox 914 948 1025 1029; x_wconf 63' lang='lat' dir='ltr'>ejusne</span> 
     </span>
     <span class='ocr_line' id='line_1_11' title="bbox 338 1030 1027 1115; baseline -0.013 -19"><span class='ocrx_word' id='word_1_46' title='bbox 338 1035 371 1096; x_wconf 76' lang='lat' dir='ltr'>di</span> <span class='ocrx_word' id='word_1_47' title='bbox 388 1035 538 1115; x_wconf 83' lang='lat' dir='ltr'>regione,</span> <span class='ocrx_word' id='word_1_48' title='bbox 559 1048 644 1112; x_wconf 88' lang='lat' dir='ltr'>atque</span> <span class='ocrx_word' id='word_1_49' title='bbox 666 1032 859 1109; x_wconf 86' lang='lat' dir='ltr'>provincia,</span> <span class='ocrx_word' id='word_1_50' title='bbox 880 1051 946 1112; x_wconf 85' lang='lat' dir='ltr'>quae</span> <span class='ocrx_word' id='word_1_51' title='bbox 966 1030 1027 1089; x_wconf 87' lang='lat' dir='ltr'>mari</span> 
     </span>
    </p>
   </div>
   <div class='ocr_carea' id='block_1_8' title="bbox 339 1108 1089 1193">
    <p class='ocr_par' dir='ltr' id='par_1_8' title="bbox 339 1108 1089 1193">
     <span class='ocr_line' id='line_1_12' title="bbox 339 1108 1089 1193; baseline -0.011 -18"><span class='ocrx_word' id='word_1_52' title='bbox 339 1113 451 1187; x_wconf 67' lang='lat' dir='ltr'>cincla,</span> <span class='ocrx_word' id='word_1_53' title='bbox 468 1111 600 1193; x_wconf 78' lang='lat' dir='ltr'>portibus</span> <span class='ocrx_word' id='word_1_54' title='bbox 617 1108 769 1183; x_wconf 67' lang='lat' dir='ltr'>distincia,</span> <span class='ocrx_word' id='word_1_55' title='bbox 791 1109 894 1171; x_wconf 74' lang='lat' dir='ltr'>insulii</span> <span class='ocrx_word' id='word_1_56' title='bbox 913 1114 1025 1169; x_wconf 84' lang='lat' dir='ltr'>circum·</span> <span class='ocrx_word' id='word_1_57' title='bbox 1084 1121 1089 1138; x_wconf 84' lang='lat'><strong>¹</strong></span> 
     </span>
    </p>
   </div>
   <div class='ocr_carea' id='block_1_9' title="bbox 322 1190 1033 2319">
    <p class='ocr_par' dir='ltr' id='par_1_9' title="bbox 322 1190 1033 2319">
     <span class='ocr_line' id='line_1_13' title="bbox 339 1190 1027 1271; baseline -0.013 -14"><span class='ocrx_word' id='word_1_58' title='bbox 339 1195 410 1257; x_wconf 84' lang='lat' dir='ltr'>data</span> <span class='ocrx_word' id='word_1_59' title='bbox 426 1190 517 1267; x_wconf 84' lang='lat' dir='ltr'>esset,</span> <span class='ocrx_word' id='word_1_60' title='bbox 532 1213 591 1252; x_wconf 92' lang='lat' dir='ltr'>non</span> <span class='ocrx_word' id='word_1_61' title='bbox 608 1190 701 1252; x_wconf 75' lang='lat' dir='ltr'>solum</span> <span class='ocrx_word' id='word_1_62' title='bbox 715 1190 849 1271; x_wconf 85' lang='lat' dir='ltr'>praesidii</span> <span class='ocrx_word' id='word_1_63' title='bbox 861 1236 872 1264; x_wconf 89' lang='lat'>‚</span> <span class='ocrx_word' id='word_1_64' title='bbox 886 1190 937 1252; x_wconf 89' lang='lat' dir='ltr'>sed</span> <span class='ocrx_word' id='word_1_65' title='bbox 953 1192 1027 1251; x_wconf 82' lang='lat' dir='ltr'>etiarn</span> 
     </span>
     <span class='ocr_line' id='line_1_14' title="bbox 341 1267 1026 1354; baseline -0.012 -17"><span class='ocrx_word' id='word_1_66' title='bbox 341 1274 468 1338; x_wconf 66' lang='lat' dir='ltr'>ornandi</span> <span class='ocrx_word' id='word_1_67' title='bbox 483 1274 595 1354; x_wconf 88' lang='lat' dir='ltr'>imperii</span> <span class='ocrx_word' id='word_1_68' title='bbox 608 1270 713 1343; x_wconf 65' lang='lat' dir='ltr'>causi,</span> <span class='ocrx_word' id='word_1_69' title='bbox 724 1272 935 1354; x_wconf 79' lang='lat' dir='ltr'>navigandum</span> <span class='ocrx_word' id='word_1_70' title='bbox 950 1267 1026 1331; x_wconf 76' lang='lat' dir='ltr'>firilse.</span> 
     </span>
     <span class='ocr_line' id='line_1_15' title="bbox 385 1352 1026 1446; baseline -0.008 -32"><span class='ocrx_word' id='word_1_71' title='bbox 385 1354 435 1415; x_wconf 83' lang='lat'>28.</span> <span class='ocrx_word' id='word_1_72' title='bbox 452 1354 524 1414; x_wconf 85' lang='lat' dir='ltr'>Haec&#39;</span> <span class='ocrx_word' id='word_1_73' title='bbox 536 1355 614 1414; x_wconf 87' lang='lat' dir='ltr'>enim</span> <span class='ocrx_word' id='word_1_74' title='bbox 625 1353 719 1425; x_wconf 78' lang='lat' dir='ltr'>rarii),</span> <span class='ocrx_word' id='word_1_75' title='bbox 735 1373 771 1411; x_wconf 80' lang='lat' dir='ltr'>ac</span> <span class='ocrx_word' id='word_1_76' title='bbox 787 1352 966 1446; x_wconf 75' lang='lat' dir='ltr'>magnitudo</span> <span class='ocrx_word' id='word_1_77' title='bbox 979 1353 1026 1410; x_wconf 87' lang='lat' dir='ltr'>ani·</span> 
     </span>
     <span class='ocr_line' id='line_1_16' title="bbox 340 1429 1027 1512; baseline -0.012 -15"><span class='ocrx_word' id='word_1_78' title='bbox 340 1455 460 1497; x_wconf 84' lang='lat' dir='ltr'>morum</span> <span class='ocrx_word' id='word_1_79' title='bbox 474 1436 504 1493; x_wconf 91' lang='lat' dir='ltr'>in</span> <span class='ocrx_word' id='word_1_80' title='bbox 516 1431 674 1511; x_wconf 86' lang='lat' dir='ltr'>majoribus</span> <span class='ocrx_word' id='word_1_81' title='bbox 690 1429 794 1491; x_wconf 86' lang='lat' dir='ltr'>nostris</span> <span class='ocrx_word' id='word_1_82' title='bbox 810 1431 893 1506; x_wconf 83' lang='lat' dir='ltr'>furt,</span> <span class='ocrx_word' id='word_1_83' title='bbox 907 1450 938 1493; x_wconf 87' lang='lat' dir='ltr'>ut</span> <span class='ocrx_word' id='word_1_84' title='bbox 951 1451 1027 1512; x_wconf 89' lang='lat' dir='ltr'>quum</span> 
     </span>
     <span class='ocr_line' id='line_1_17' title="bbox 341 1509 1028 1596; baseline -0.006 -22"><span class='ocrx_word' id='word_1_85' title='bbox 341 1517 373 1575; x_wconf 89' lang='lat' dir='ltr'>in</span> <span class='ocrx_word' id='word_1_86' title='bbox 390 1516 508 1596; x_wconf 88' lang='lat' dir='ltr'>privatis</span> <span class='ocrx_word' id='word_1_87' title='bbox 521 1515 631 1586; x_wconf 86' lang='lat' dir='ltr'>rebus,</span> <span class='ocrx_word' id='word_1_88' title='bbox 649 1509 762 1593; x_wconf 87' lang='lat' dir='ltr'>suisque</span> <span class='ocrx_word' id='word_1_89' title='bbox 780 1509 965 1595; x_wconf 82' lang='lat' dir='ltr'>sumptibus,</span> <span class='ocrx_word' id='word_1_90' title='bbox 977 1513 1028 1572; x_wconf 91' lang='lat' dir='ltr'>mi-</span> 
     </span>
     <span class='ocr_line' id='line_1_18' title="bbox 343 1594 1029 1665; baseline -0.006 -9"><span class='ocrx_word' id='word_1_91' title='bbox 343 1596 427 1656; x_wconf 89' lang='lat' dir='ltr'>nimo</span> <span class='ocrx_word' id='word_1_92' title='bbox 455 1596 616 1665; x_wconf 83' lang='lat' dir='ltr'>contenti,</span> <span class='ocrx_word' id='word_1_93' title='bbox 643 1594 821 1653; x_wconf 81' lang='lat' dir='ltr'>tenuissimo</span> <span class='ocrx_word' id='word_1_94' title='bbox 850 1594 934 1654; x_wconf 83' lang='lat' dir='ltr'>cultu</span> <span class='ocrx_word' id='word_1_95' title='bbox 951 1595 1029 1653; x_wconf 82' lang='lat' dir='ltr'>&#39;vive-</span> 
     </span>
     <span class='ocr_line' id='line_1_19' title="bbox 341 1674 1031 1757; baseline -0.007 -20"><span class='ocrx_word' id='word_1_96' title='bbox 341 1687 430 1749; x_wconf 77' lang='lat' dir='ltr'>renr3</span> <span class='ocrx_word' id='word_1_97' title='bbox 452 1678 482 1735; x_wconf 89' lang='lat' dir='ltr'>in</span> <span class='ocrx_word' id='word_1_98' title='bbox 500 1674 644 1755; x_wconf 87' lang='lat' dir='ltr'>imperio,</span> <span class='ocrx_word' id='word_1_99' title='bbox 660 1689 750 1753; x_wconf 88' lang='lat' dir='ltr'>atque</span> <span class='ocrx_word' id='word_1_100' title='bbox 763 1675 793 1732; x_wconf 85' lang='lat' dir='ltr'>in</span> <span class='ocrx_word' id='word_1_101' title='bbox 811 1675 937 1755; x_wconf 75' lang='lat' dir='ltr'>publica</span> <span class='ocrx_word' id='word_1_102' title='bbox 950 1674 1031 1757; x_wconf 85' lang='lat' dir='ltr'>digni·</span> 
     </span>
     <span class='ocr_line' id='line_1_20' title="bbox 343 1752 1031 1838; baseline -0.007 -20"><span class='ocrx_word' id='word_1_103' title='bbox 343 1771 405 1818; x_wconf 77' lang='lat' dir='ltr'>rate</span> <span class='ocrx_word' id='word_1_104' title='bbox 418 1758 518 1818; x_wconf 87' lang='lat' dir='ltr'>omnia</span> <span class='ocrx_word' id='word_1_105' title='bbox 529 1754 565 1814; x_wconf 90' lang='lat' dir='ltr'>ad</span> <span class='ocrx_word' id='word_1_106' title='bbox 576 1754 697 1837; x_wconf 80' lang='lat' dir='ltr'>gloriam</span> <span class='ocrx_word' id='word_1_107' title='bbox 708 1796 718 1825; x_wconf 88' lang='lat'>‚</span> <span class='ocrx_word' id='word_1_108' title='bbox 731 1752 987 1838; x_wconf 65' lang='lat' dir='ltr'>splendoremque</span> <span class='ocrx_word' id='word_1_109' title='bbox 993 1772 1031 1814; x_wconf 90' lang='lat' dir='ltr'>re·</span> 
     </span>
     <span class='ocr_line' id='line_1_21' title="bbox 322 1835 1033 1915; baseline -0.004 -17"><span class='ocrx_word' id='word_1_110' title='bbox 322 1893 324 1898; x_wconf 91' lang='lat'><em>.</em></span> <span class='ocrx_word' id='word_1_111' title='bbox 344 1853 501 1900; x_wconf 73' lang='lat' dir='ltr'>vocarem·</span> <span class='ocrx_word' id='word_1_112' title='bbox 519 1835 667 1915; x_wconf 84' lang='lat' dir='ltr'>Quaerinu</span> <span class='ocrx_word' id='word_1_113' title='bbox 681 1835 802 1893; x_wconf 88' lang='lat' dir='ltr'>enimin</span> <span class='ocrx_word' id='word_1_114' title='bbox 815 1855 851 1896; x_wconf 89' lang='lat' dir='ltr'>re</span> <span class='ocrx_word' id='word_1_115' title='bbox 864 1836 1033 1906; x_wconf 85' lang='lat' dir='ltr'>domestica,</span> 
     </span>
     <span class='ocr_line' id='line_1_22' title="bbox 345 1914 1001 1999; baseline -0.003 -19"><span class='ocrx_word' id='word_1_116' title='bbox 345 1918 533 1981; x_wconf 85' lang='lat' dir='ltr'>continentiae</span> <span class='ocrx_word' id='word_1_117' title='bbox 550 1917 628 1988; x_wconf 82' lang='lat' dir='ltr'>laus;</span> <span class='ocrx_word' id='word_1_118' title='bbox 644 1916 674 1972; x_wconf 93' lang='lat' dir='ltr'>in</span> <span class='ocrx_word' id='word_1_119' title='bbox 688 1914 830 1994; x_wconf 88' lang='lat' dir='ltr'>publica,</span> <span class='ocrx_word' id='word_1_120' title='bbox 846 1917 1001 1999; x_wconf 57' lang='lat' dir='ltr'>dignitati&amp;</span> 
     </span>
     <span class='ocr_line' id='line_1_23' title="bbox 346 1996 1032 2077; baseline -0.003 -20"><span class='ocrx_word' id='word_1_121' title='bbox 346 2017 348 2022; x_wconf 88' lang='lat'>·</span> <span class='ocrx_word' id='word_1_122' title='bbox 390 2018 439 2077; x_wconf 86' lang='lat'>29.</span> <span class='ocrx_word' id='word_1_123' title='bbox 458 1997 552 2077; x_wconf 73' lang='lat' dir='ltr'>Qubd</span> <span class='ocrx_word' id='word_1_124' title='bbox 569 1999 592 2056; x_wconf 88' lang='lat' dir='ltr'>si</span> <span class='ocrx_word' id='word_1_125' title='bbox 606 1996 694 2055; x_wconf 90' lang='lat' dir='ltr'>etiam</span> <span class='ocrx_word' id='word_1_126' title='bbox 715 1997 847 2075; x_wconf 84' lang='lat' dir='ltr'>praesidii</span> <span class='ocrx_word' id='word_1_127' title='bbox 864 2001 954 2058; x_wconf 77' lang='lat' dir='ltr'>causi</span> <span class='ocrx_word' id='word_1_128' title='bbox 971 1999 1032 2057; x_wconf 81' lang='lat' dir='ltr'>clas·</span> 
     </span>
     <span class='ocr_line' id='line_1_24' title="bbox 345 2077 1032 2162; baseline -0.003 -22"><span class='ocrx_word' id='word_1_129' title='bbox 345 2078 408 2141; x_wconf 84' lang='lat' dir='ltr'>sem</span> <span class='ocrx_word' id='word_1_130' title='bbox 423 2079 542 2151; x_wconf 83' lang='lat' dir='ltr'><strong>habuit,</strong></span> <span class='ocrx_word' id='word_1_131' title='bbox 559 2078 620 2157; x_wconf 86' lang='lat' dir='ltr'>quis</span> <span class='ocrx_word' id='word_1_132' title='bbox 638 2077 691 2135; x_wconf 92' lang='lat' dir='ltr'>erit</span> <span class='ocrx_word' id='word_1_133' title='bbox 704 2091 764 2134; x_wconf 80' lang='lat' dir='ltr'>tam</span> <span class='ocrx_word' id='word_1_134' title='bbox 776 2077 924 2159; x_wconf 86' lang='lat' dir='ltr'>iniquus,</span> <span class='ocrx_word' id='word_1_135' title='bbox 942 2082 1032 2162; x_wconf 78' lang='lat' dir='ltr'>quire</span> 
     </span>
     <span class='ocr_line' id='line_1_25' title="bbox 346 2156 1030 2242; baseline -0.004 -23"><span class='ocrx_word' id='word_1_136' title='bbox 346 2158 530 2240; x_wconf 83' lang='lat' dir='ltr'>prehendat?</span> <span class='ocrx_word' id='word_1_137' title='bbox 550 2156 629 2216; x_wconf 84' lang='lat' dir='ltr'>Nulli</span> <span class='ocrx_word' id='word_1_138' title='bbox 644 2172 724 2215; x_wconf 88' lang='lat' dir='ltr'>erant</span> <span class='ocrx_word' id='word_1_139' title='bbox 740 2158 928 2235; x_wconf 67' lang='lat' dir='ltr'>praedones:</span> <span class='ocrx_word' id='word_1_140' title='bbox 954 2157 1030 2242; x_wconf 80' lang='lat' dir='ltr'>quid?</span> 
     </span>
     <span class='ocr_line' id='line_1_26' title="bbox 346 2234 1031 2319; baseline -0.003 -19"><span class='ocrx_word' id='word_1_141' title='bbox 346 2242 444 2300; x_wconf 88' lang='lat' dir='ltr'>nullos</span> <span class='ocrx_word' id='word_1_142' title='bbox 461 2239 550 2310; x_wconf 88' lang='lat' dir='ltr'>fore,</span> <span class='ocrx_word' id='word_1_143' title='bbox 572 2239 634 2319; x_wconf 84' lang='lat' dir='ltr'>quis</span> <span class='ocrx_word' id='word_1_144' title='bbox 654 2234 790 2316; x_wconf 84' lang='lat' dir='ltr'>praestare</span> <span class='ocrx_word' id='word_1_145' title='bbox 810 2240 962 2318; x_wconf 79' lang='lat' dir='ltr'>poterat?</span> <span class='ocrx_word' id='word_1_146' title='bbox 983 2238 1031 2299; x_wconf 86' lang='lat' dir='ltr'>Mi·</span> 
     </span>
    </p>
   </div>
   <div class='ocr_carea' id='block_1_10' title="bbox 343 2315 1038 2952">
    <p class='ocr_par' dir='ltr' id='par_1_10' title="bbox 343 2315 1038 2952">
     <span class='ocr_line' id='line_1_27' title="bbox 347 2315 1031 2400; baseline -0.001 -20"><span class='ocrx_word' id='word_1_147' title='bbox 347 2322 432 2393; x_wconf 81' lang='lat' dir='ltr'>uuis,</span> <span class='ocrx_word' id='word_1_148' title='bbox 450 2320 563 2400; x_wconf 84' lang='lat' dir='ltr'>inquit,</span> <span class='ocrx_word' id='word_1_149' title='bbox 579 2319 701 2399; x_wconf 82' lang='lat' dir='ltr'>gloriam</span> <span class='ocrx_word' id='word_1_150' title='bbox 718 2315 882 2397; x_wconf 86' lang='lat' dir='ltr'>Pompeii:</span> <span class='ocrx_word' id='word_1_151' title='bbox 903 2325 994 2383; x_wconf 90' lang='lat' dir='ltr'>immo</span> <span class='ocrx_word' id='word_1_152' title='bbox 1010 2339 1031 2379; x_wconf 87' lang='lat' dir='ltr'>ru</span> 
     </span>
     <span class='ocr_line' id='line_1_28' title="bbox 345 2396 1032 2483; baseline 0 -23"><span class='ocrx_word' id='word_1_153' title='bbox 345 2420 436 2480; x_wconf 84' lang='lat' dir='ltr'>auges</span> <span class='ocrx_word' id='word_1_154' title='bbox 455 2397 626 2459; x_wconf 82' lang='lat' dir='ltr'>molestiam.</span> <span class='ocrx_word' id='word_1_155' title='bbox 655 2396 709 2456; x_wconf 91' lang='lat' dir='ltr'>Ille</span> <span class='ocrx_word' id='word_1_156' title='bbox 732 2399 816 2458; x_wconf 82' lang='lat' dir='ltr'>enim</span> <span class='ocrx_word' id='word_1_157' title='bbox 841 2399 948 2463; x_wconf 77' lang='lat' dir='ltr'>classes</span> <span class='ocrx_word' id='word_1_158' title='bbox 972 2423 1032 2483; x_wconf 83' lang='lat' dir='ltr'>pra·</span> 
     </span>
     <span class='ocr_line' id='line_1_29' title="bbox 343 2480 1033 2560; baseline 0.001 -21"><span class='ocrx_word' id='word_1_159' title='bbox 343 2480 481 2553; x_wconf 76' lang='lat' dir='ltr'>donum,</span> <span class='ocrx_word' id='word_1_160' title='bbox 498 2481 604 2550; x_wconf 86' lang='lat' dir='ltr'>urbes,</span> <span class='ocrx_word' id='word_1_161' title='bbox 622 2496 723 2559; x_wconf 84' lang='lat' dir='ltr'>porrus</span> <span class='ocrx_word' id='word_1_162' title='bbox 742 2523 752 2551; x_wconf 95' lang='lat'>‚</span> <span class='ocrx_word' id='word_1_163' title='bbox 769 2485 967 2560; x_wconf 86' lang='lat' dir='ltr'>receptacula</span> <span class='ocrx_word' id='word_1_164' title='bbox 985 2483 1033 2542; x_wconf 84' lang='lat' dir='ltr'>sus·</span> 
     </span>
     <span class='ocr_line' id='line_1_30' title="bbox 346 2559 1034 2639; baseline 0.003 -19"><span class='ocrx_word' id='word_1_165' title='bbox 346 2561 413 2621; x_wconf 76' lang='lat' dir='ltr'>tulit</span> <span class='ocrx_word' id='word_1_166' title='bbox 432 2581 439 2619; x_wconf 75' lang='grc' dir='ltr'>ε</span> <span class='ocrx_word' id='word_1_167' title='bbox 460 2580 564 2639; x_wconf 84' lang='lat' dir='ltr'>pacem</span> <span class='ocrx_word' id='word_1_168' title='bbox 583 2561 756 2618; x_wconf 81' lang='lat' dir='ltr'>maritimam</span> <span class='ocrx_word' id='word_1_169' title='bbox 773 2559 894 2620; x_wconf 71' lang='lat' dir='ltr'>summa</span> <span class='ocrx_word' id='word_1_170' title='bbox 913 2568 1034 2632; x_wconf 86' lang='lat' dir='ltr'>virtute,</span> 
     </span>
     <span class='ocr_line' id='line_1_31' title="bbox 347 2640 1035 2722; baseline -0.004 -21"><span class='ocrx_word' id='word_1_171' title='bbox 347 2659 437 2722; x_wconf 80' lang='lat' dir='ltr'>atque</span> <span class='ocrx_word' id='word_1_172' title='bbox 453 2640 612 2701; x_wconf 84' lang='lat' dir='ltr'>incredibili</span> <span class='ocrx_word' id='word_1_173' title='bbox 629 2640 777 2700; x_wconf 87' lang='lat' dir='ltr'>celeritate</span> <span class='ocrx_word' id='word_1_174' title='bbox 799 2642 960 2705; x_wconf 87' lang='lat' dir='ltr'>confecit:</span> <span class='ocrx_word' id='word_1_175' title='bbox 979 2641 1035 2703; x_wconf 86' lang='lat' dir='ltr'>illud</span> 
     </span>
     <span class='ocr_line' id='line_1_32' title="bbox 346 2720 1037 2807; baseline 0.003 -26"><span class='ocrx_word' id='word_1_176' title='bbox 346 2723 422 2790; x_wconf 73' lang='lat' dir='ltr'>verb</span> <span class='ocrx_word' id='word_1_177' title='bbox 439 2741 535 2802; x_wconf 85' lang='lat' dir='ltr'>neque</span> <span class='ocrx_word' id='word_1_178' title='bbox 551 2720 690 2800; x_wconf 82' lang='lat' dir='ltr'>suscepit,</span> <span class='ocrx_word' id='word_1_179' title='bbox 705 2740 801 2802; x_wconf 90' lang='lat' dir='ltr'>neque</span> <span class='ocrx_word' id='word_1_180' title='bbox 822 2721 977 2807; x_wconf 84' lang='lat' dir='ltr'>suscipere</span> <span class='ocrx_word' id='word_1_181' title='bbox 993 2725 1037 2783; x_wconf 90' lang='lat' dir='ltr'>de·</span> 
     </span>
     <span class='ocr_line' id='line_1_33' title="bbox 345 2802 1038 2952; baseline 0.004 -92"><span class='ocrx_word' id='word_1_182' title='bbox 345 2802 409 2860; x_wconf 81' lang='lat' dir='ltr'>buit</span> <span class='ocrx_word' id='word_1_183' title='bbox 420 2847 431 2873; x_wconf 91' lang='lat'><strong><em>,</em></strong></span> <span class='ocrx_word' id='word_1_184' title='bbox 450 2818 501 2874; x_wconf 84' lang='lat' dir='ltr'>ur,</span> <span class='ocrx_word' id='word_1_185' title='bbox 522 2805 545 2861; x_wconf 83' lang='lat' dir='ltr'>si</span> <span class='ocrx_word' id='word_1_186' title='bbox 583 2825 617 2862; x_wconf 88' lang='lat' dir='ltr'>ua</span> <span class='ocrx_word' id='word_1_187' title='bbox 635 2802 744 2881; x_wconf 88' lang='lat' dir='ltr'>uspiam</span> <span class='ocrx_word' id='word_1_188' title='bbox 764 2804 911 2866; x_wconf 89' lang='lat' dir='ltr'>navicula</span> <span class='ocrx_word' id='word_1_189' title='bbox 922 2806 1038 2952; x_wconf 71' lang='lat' dir='ltr'>prado·</span> 
     </span>
    </p>
   </div>
   <div class='ocr_carea' id='block_1_11' title="bbox 339 2881 1039 2966">
    <p class='ocr_par' dir='ltr' id='par_1_11' title="bbox 339 2881 1039 2966">
     <span class='ocr_line' id='line_1_34' title="bbox 339 2881 1039 2966; baseline 0.007 -24"><span class='ocrx_word' id='word_1_190' title='bbox 339 2896 416 2943; x_wconf 84' lang='lat' dir='ltr'>num</span> <span class='ocrx_word' id='word_1_191' title='bbox 442 2903 532 2966; x_wconf 80' lang='lat' dir='ltr'>appar</span> <span class='ocrx_word' id='word_1_192' title='bbox 553 2887 559 2898; x_wconf 85' lang='lat'>&#39;</span> <span class='ocrx_word' id='word_1_193' title='bbox 583 2900 646 2960; x_wconf 86' lang='lat' dir='ltr'>et,</span> <span class='ocrx_word' id='word_1_194' title='bbox 674 2881 857 2948; x_wconf 73' lang='lat' dir='ltr'>accusandus</span> <span class='ocrx_word' id='word_1_195' title='bbox 884 2890 921 2955; x_wconf 79' lang='lat' dir='ltr'>vi</span> <span class='ocrx_word' id='word_1_196' title='bbox 945 2905 1039 2954; x_wconf 82' lang='lat' dir='ltr'>eretur.</span> 
     </span>
    </p>
   </div>
   <div class='ocr_carea' id='block_1_12' title="bbox 0 0 1338 4209">
    <p class='ocr_par' dir='ltr' id='par_1_12' title="bbox 0 0 1338 4209">
     <span class='ocr_line' id='line_1_35' title="bbox 0 0 1338 4209; baseline 0 0"><span class='ocrx_word' id='word_1_197' title='bbox 0 0 1338 4209; x_wconf 95' lang='lat' dir='ltr'> </span> 
     </span>
    </p>
   </div>
  </div>
 </body>
</html>
