2617 4209
389 672 617 742 Dialeon
641 673 892 742 Aenaria,
923 694 994 770 ¹33

314 786 449 861 luerunt,
462 787 536 846 hanc
550 785 592 848 isti
607 787 766 848 decemviri
780 786 945 869 suscepere:
960 788 1002 848 icl-

316 870 398 928 circo
413 890 429 928 a
442 865 583 947 judicibus
597 867 713 928 sortasse
726 867 939 951 praetermissam
958 867 1002 928 es·

314 946 346 1008 se
365 948 551 1022 arbitrantur,
568 950 646 1029 quod
665 953 700 1008 sit
717 950 785 1030 ipsis
803 950 957 1012 reservata.

369 1046 413 1107 13.
441 1028 559 1089 Deinde
584 1031 672 1090 etiam
696 1031 726 1088 in
752 1031 891 1112 reliquum
917 1047 1002 1090 teme

310 1128 369 1189 pus
386 1110 600 1191 diligentissime
616 1109 724 1181 sancit,
742 1127 773 1169 ut
786 1112 865 1192 quod
878 1109 1001 1193 quisque-

311 1190 471 1269 imperator
495 1190 599 1252 habeat
620 1192 777 1272 pecuniae,
801 1192 933 1272 protinus
958 1190 1001 1250 ad.

312 1270 497 1332 decemviros
520 1271 642 1331 deserat.
678 1272 735 1331 Hic
764 1287 862 1333 tamen
890 1274 998 1353 excipit

312 1348 486 1432 Pompeium
505 1372 514 1422 ;
529 1351 672 1412 simillime
689 1396 700 1424 ,
718 1367 747 1410 ut
767 1353 835 1412 mihi
849 1353 966 1422 ¹videtur
983 1391 1002 1425 1

310 1449 400 1511 atque
422 1434 451 1490 in
477 1432 525 1490 illa
546 1432 636 1511 lege,
656 1431 714 1511 qul
733 1435 876 1514 peregrini
898 1433 997 1493 Rom&

312 1509 492 1588 ejiciuntur,
513 1508 693 1591 Glaucippus
714 1515 870 1591 excipitur:
890 1534 949 1572 non
969 1534 1001 1575 e·

313 1593 375 1649 nim
391 1591 445 1650 hac·
464 1593 637 1671 exceptione
657 1612 729 1652 unus
747 1591 866 1658 afficitur
882 1592 996 1653 benefi-

311 1673 382 1743 cio,
402 1672 451 1738 sed
476 1693 546 1730 unus
573 1675 700 1751 privatur
722 1670 834 1751 injuris.
866 1672 925 1735 Sed
949 1669 1000 1734 cui'

310 1755 460 1818 manubias
480 1756 617 1827 remittit,
631 1751 714 1834 hujus
734 1755 884 1837 vesligalia
906 1758 997 1815 inva-

310 1833 374 1892 dit:
396 1830 477 1913 jubet
499 1836 576 1895 enim
600 1839 779 1915 pecuniam,
802 1838 904 1917 siqua
927 1835 999 1916 post

309 1934 366 1974 nos
383 1912 513 1973 consules
523 1935 559 1974 ex
569 1917 654 1974 novis
664 1915 739 1975 velli
762 1916 851 1975 alibus
870 1918 999 1996 recipia-

309 2009 376 2064 tur,
394 1994 446 2052 hac
460 1997 499 2052 uti
518 1995 713 2053 decemviros.
737 1937 831 2071 {uasi
846 1996 919 2055 verb
933 2016 999 2066 non

310 2074 524 2154 intelligamus,
535 2074 595 2131 haec
605 2092 657 2132 eos
668 2071 818 2153 vestigalia
828 2095 917 2153 „quae
934 2073 998 2136 Cn.¹

309 2152 468 2234 Pompeius
483 2150 663 2234 adjunxerit,
677 2153 808 2212 vendere
822 2154 959 2233 cogitare.

339 2233 380 2293 V.
396 2233 512 2293 Videtis
526 2230 601 2311 jam,
612 2233 709 2292 Patres
725 2232 894 2311 conscripti,
903 2232 1000 2292 omni-

308 2312 364 2373 bus
379 2315 464 2373 rebus
476 2315 508 2372 δι
521 2313 618 2371 modis
629 2311 817 2372 construslam
833 2313 865 2370 δι
882 2332 996 2372 coacer-

309 2411 410 2453 vatam
423 2395 574 2473 pecuniam
589 2391 825 2452 decemviralem.
844 2391 994 2454 Minuetur

308 2470 395 2553 hujus
413 2475 541 2553 pecuniae
562 2473 689 2533 invidia:
713 2473 892 2534 consumetur
914 2476 995 2536 enim

307 2556 339 2616 in
364 2575 498 2637 agrorum
521 2554 725 2635 emptionibus.
752 2553 885 2637 Optime.
914 2554 995 2634 Quis

308 2656 382 2718 ergo
402 2656 481 2698 emet
493 2657 581 2718 agros
597 2635 687 2696 illos?
707 2635 798 2696 iidem
813 2635 995 2698 decemviri:

306 2733 342 2778 tu
367 2717 452 2778 Rulle
482 2713 607 2796 (missos
632 2718 710 2776 enim
735 2715 812 2776 facio
840 2713 995 2800 eeteros)

308 2817 410 2870 emes,
433 2819 507 2878 quos
530 2797 632 2856 voles:
656 2797 769 2858 vendes
787 2815 868 2877 'quot
884 2795 994 2874 nplesffi

307 2894 462 2958 utrumque
476 2878 581 2936 horum
592 2876 697 2951 facies,
712 2880 811 2958 quanti
822 2876 916 2950 uoles.
950 2941 955 2948 ,

308 2971 362 3016 ver
375 2961 451 3015 enim
464 2961 509 3017 vir
526 2961 652 3038 optimus
665 3003 676 3030 ‚
693 2979 730 3026 ne
742 2973 820 3018 emat
829 2958 867 3018 ab
879 2957 972 3024 irruite

309 3038 392 3116 quasi
416 3037 488 3095 verb
508 3058 569 3097 non
590 3039 810 3119 intelligamus,
836 3037 873 3097 ab
888 3037 961 3108 invi·

309 3135 436 3185 emere,
457 3111 619 3191 injuriosum
639 3116 715 3190 esse;
737 3119 775 3178 ab
792 3115 961 3176 noninvin

308 3192 511 3278 quaestuosum.
535 3194 687 3275 Quantum
701 3198 755 3260 tibi
774 3199 834 3280 agri
851 3191 943 3266 ven&
