2617 4209
418 711 521 819 Pao
546 712 596 818 Αολ
621 710 885 818 exornatos
932 709 1000 818 ¹89²

306 817 437 892 berem:
462 815 520 889 diri
538 826 632 890 Avito
652 824 773 900 statim,
792 826 911 899 de'eo,
934 825 1001 906 Qui¹

310 908 567 1051 {distributi
582 902 996 1050 immittitu?

308 1069 411 1152 Atque
428 1034 477 1133 ilie
498 1091 548 1132 me
564 1084 647 1131 orare
661 1070 694 1131 &
713 1068 864 1132 obsecrare
884 1027 997 1148 coepit:

307 1167 342 1211 ut
357 1172 395 1213 ne
412 1150 470 1214 sese
486 1152 496 1212 l
536 1172 553 1214 e
569 1149 771 1213 defenderem.
798 1148 901 1231 Quum
916 1168 995 1231 ego,

308 1252 373 1314 qua
391 1233 462 1294 mibi
484 1237 514 1295 vi
536 1249 678 1307 crentur,
701 1232 849 1304 dicerem3
869 1230 996 1290 traduxit

307 1332 358 1374 me
381 1310 418 1373 ad
431 1313 508 1374 suam
528 1312 717 1375 sententiam:
738 1310 898 1373 affirmabat
915 1311 994 1380 enim

306 1393 494 1475 lacrymans,
508 1413 571 1456 non
585 1393 615 1455 se
627 1394 807 1473 cupidiorem
819 1388 875 1453 ess'e
894 1393 997 1460 civitae

307 1475 346 1534 tis
365 1474 544 1546 retinenda,
563 1471 651 1555 quiam
669 1471 894 1534 existimationis.
992 1481 995 1488 '

324 1563 326 1568 ’
355 1567 423 1635 145.
445 1553 566 1615 Morem
585 1553 698 1614 homini
715 1554 816 1635 gessi:
841 1553 873 1613 &
895 1557 999 1628 tamen,

307 1634 419 1696 idcirco
439 1632 652 1716 feci;(neque
670 1636 751 1696 enim
766 1632 797 1693 id
815 1631 929 1716 semper
950 1631 997 1694 fa·

308 1731 378 1776 cere
399 1714 563 1799 debemus)
582 1713 664 1811 qubd
685 1715 850 1790 videbam,
870 1734 923 1796 per
944 1712 995 1789 se,

306 1796 398 1939 :psam
415 1795 527 1857 causam
543 1796 744 1877 copiosissime
759 1798 820 1857 sine
837 1796 904 1879 lege
923 1794 997 1876 pos-

362 1876 493 1969 defendi.
518 1875 693 1953 Videbam,
714 1880 744 1937 in
765 1877 818 1938 hac
840 1876 996 1973 defensio·

307 1959 454 2097 nilne
469 1957 690 2099 'immiui‘icuiii
707 1956 802 2097 tili:
824 1958 996 2099 bibiti

308 2057 547 2180 ¹bioiisaiutirurum.
573 2117 669 2199 Qubd
692 2120 715 2178 si
738 2082 901 2177 nihil'aiiud
923 2116 994 2180 effer
1084 2144 1087 2149 ·

307 2198 427 2273 adium,
450 2203 505 2277 nisi
521 2217 554 2260 ut
575 2202 650 2260 hanc
671 2195 784 2259 causam
803 2198 994 2274 obtinerem,

307 2281 376 2363 lege
394 2281 536 2351 recitata,
552 2276 742 2362 perorassem.

352 2359 450 2421 [ΙΙΙ.
470 2359 576 2440 Neque
587 2380 637 2421 me
649 2358 698 2420 illa
712 2359 807 2420 oratio
819 2359 997 2421 eommove-

311 2456 358 2501 ret
367 2483 379 2512 ,
397 2440 480 2522 quod
496 2440 536 2499 ait
550 2439 668 2513 Artius,
687 2440 837 2522 indignum
848 2438 907 2501 'ess'e
924 2438 996 2501 faci·

307 2542 385 2592 nus,
401 2524 425 2582 si
439 2520 552 2582 senator
564 2519 672 2601 judicio
684 2541 860 2603 quemquam
874 2524 996 2583 circum·

307 2605 441 2676 venerit,
451 2602 564 2685 legibus
575 2624 643 2664 eum
660 2604 771 2664 teneri:
789 2605 812 2662 si
828 2622 918 2683 eques
929 2602 996 2662 Ro·

308 2704 410 2745 manus
426 2685 485 2744 hoc
503 2682 582 2744 idem
594 2682 717 2755 fecerit,
735 2704 797 2742 non
815 2686 919 2743 teneri.
950 2682 995 2743 Ut

307 2765 361 2824 tibi
374 2764 556 2836 concedam,
573 2764 630 2825 hoc
646 2763 797 2844 indignum
813 2761 868 2823 effe
887 2761 994 2845 (quod

308 2842 624 2987 ‘aiiiimidaii’eim
637 2840 996 2985 {jbffbffddnssb

310 3005 341 3078 in
361 3024 396 3063 ea
414 3008 553 3080 civitate,
570 2971 634 3089 qu'ae
654 3006 767 3089 legibus
788 2946 995 3081 committur:

311 3081 420 3144 discedi
434 3106 451 3145 a
464 3087 586 3168 legibus.
609 3088 677 3148 Hoc
694 3090 772 3147 enim
785 3088 933 3147 vinculum
951 3086 993 3147 est

309 3162 397 3243 hujus
416 3163 578 3246 dignitatis,
598 3168 654 3248 qud
674 3167 794 3227 fruimur
812 3172 841 3228 in
863 3167 996 3247 republi-

310 3267 346 3309 ca
357 3266 367 3322 3
378 3246 435 3308 hoc
453 3245 674 3310 fundamentum
688 3250 849 3321 libertatis,
866 3249 911 3307 hic
927 3246 993 3310 fons
