2617 4209
366 805 467 876 Pno
491 803 540 877 A.
566 803 846 874 centenno.
915 821 941 896 7

255 940 340 985 natus
359 918 425 996 est,
444 936 477 981 ut
496 938 559 981 non
577 915 672 979 mont
690 916 728 978 ab
747 918 870 993 iisdem,
890 915 943 980 sed

256 1022 296 1065 ne
313 1002 349 1064 ab
367 1002 429 1063 aliis
483 999 563 1082 'dem
577 998 662 1073 uilis,
676 996 788 1063 absolvi
802 998 865 1062 ullo
878 1019 946 1061 mo·

254 1084 296 1146 do
314 1081 419 1168 poffet.
443 1021 551 1164 &m
567 1080 631 1142 hec
651 1078 782 1144 domem
798 1126 809 1157 ,
827 1097 891 1143 tum
907 1079 945 1142 il·

254 1164 307 1228 lud
321 1163 473 1227 ostendent
484 1160 587 1247 ,quod
595 1160 722 1223 maxime
730 1164 837 1246 requiri
853 1159 946 1224 intel·

253 1246 316 1330 ligo
337 1242 505 1328 ‚judicium
527 1242 600 1305 illud
621 1242 746 1326 pecunia
768 1241 826 1306 effe
847 1258 946 1306 tenta·
1036 1253 1039 1258 '

254 1345 319 1392 tum
330 1371 342 1402 ‚
354 1346 416 1388 non
434 1348 451 1387 a
468 1323 630 1399 Cluentio,
648 1321 700 1385 sed
711 1341 814 1387 contra
829 1321 946 1386 Cluen·

254 1410 349 1472 tium:
368 1406 473 1469 faciam
515 1425 553 1481 e,
568 1421 602 1467 ut
618 1404 808 1488 intelligatis,
827 1406 859 1467 in
878 1419 943 1467 tota
978 1443 982 1448 ·

253 1490 304 1551 illa
323 1487 406 1549 causa
421 1490 469 1571 qui
504 1484 623 1568 retipsa
635 1486 754 1561 tulerit,
772 1486 843 1572 quid
861 1505 945 1549 enon

255 1567 418 1643 affinxerit,
431 1567 501 1650 quid
514 1565 624 1627 invidia
637 1565 782 1648 conflarit.

302 1667 349 1712 to.
369 1647 519 1710 eninm·
542 1649 598 1707 'nn
611 1645 684 1707 illud
697 1644 758 1721 est,
771 1665 809 1710 ex
825 1665 886 1730 quo
899 1647 946 1708 in·

257 1730 350 1815 telligi
368 1731 461 1813 possit
473 1774 484 1805 ,
496 1727 515 1788 d
554 1724 623 1789 uiss'e
635 1724 805 1790 Cluentium
817 1747 947 1813 magno·

257 1813 338 1908 ''²“-
356 1807 619 1953 institi?
635 1807 946 1954 niidffiiiffi'

257 1911 359 1954 enimn
511 1911 528 1953 e
583 1911 616 1951 us
744 1911 762 1952 a
804 1912 839 1952 ac
887 1910 944 1953 an·

257 1970 530 2035 dumdescenderit.
550 1971 620 2034 Hoc
630 1970 700 2034 loco
708 1970 876 2034 faciendum
891 1973 947 2034 nti·

259 2055 311 2127 hi,
328 2052 464 2127 iudices,
482 2050 546 2125 est,
565 2069 598 2113 ut
613 2051 701 2113 vobis
717 2052 848 2115 brevitet
867 2051 945 2128 illa,

259 2133 365 2218 quibus
382 2132 487 2194 Albius
502 2133 714 2195 condemnatus
734 2131 805 2209 est,
826 2135 946 2197 crimina
1061 2179 1064 2184 >

258 2234 417 2297 exponam.
439 2213 504 2275 Abs
524 2229 555 2276 te
573 2230 644 2297 peto
663 2258 674 2289 ,
694 2212 726 2275 Ο
748 2214 889 2296 pinnice,
912 2231 947 2278 ut

259 2317 310 2358 nte
322 2299 445 2357 invitum
455 2295 492 2356 de
501 2298 591 2377 patris
607 2298 649 2356 tui
666 2235 749 2356 cantii
767 2295 863 2357 dicere
876 2294 948 2357 exis·

260 2378 367 2451 times,
380 2374 537 2438 addietum
554 2374 614 2434 fide
623 2393 712 2456 atque
723 2372 820 2436 officio
840 2374 948 2438 defen·

261 2458 371 2518 tionis:
389 2456 501 2518 etenim
516 2454 568 2515 tibi
584 2456 608 2525 si
621 2456 650 2515 in
667 2452 817 2537 praesentia
835 2454 949 2522 satisfa-

260 2537 963 2702 {inititiissztttt‘ssitffiitssitti

263 2700 427 2763 dabunturt
446 2697 586 2761 Cluentio
601 2702 655 2759 nisi
670 2721 746 2760 nunc
762 2698 948 2779 satisfecero,

260 2780 363 2867 postea
380 2781 451 2841 mihi
462 2778 653 2842 satisfaciendi
663 2779 791 2863 potestas
801 2804 861 2842 non
873 2787 926 2845 erit
938 2805 946 2845 t

263 2863 350 2925 simul
369 2861 489 2924 &illud
506 2864 568 2943 quis
586 2859 649 2934 est,
667 2864 716 2944 qui
739 2862 868 2925 dubitate
892 2865 951 2927 de·

261 2944 350 3017 beat,
364 2959 467 3004 contra
478 2943 646 3002 damnatum
661 2944 693 3002 &
709 2961 876 3021 mortuum,
892 2968 948 3028 pro

263 3024 400 3104 ineolumi
422 3025 455 3086 &
474 3025 547 3084 vivo
565 3023 661 3085 dicere
682 3045 692 3097 ;
715 3044 805 3105 quum
825 3026 865 3084 illi
887 3072 897 3100 ‚
918 3030 949 3087 in

267 3122 356 3183 quem
372 3105 496 3180 dicitur,
512 3104 661 3165 damnatio
678 3126 768 3166 omne
784 3109 951 3187 ignominiae

264 3185 425 3267 periculum
436 3183 495 3263 jam
506 3184 672 3258 abstulerit,
686 3206 765 3246 mors
776 3188 850 3247 verb
861 3191 950 3250 etiam

265 3263 377 3324 doloris
387 3285 396 3339 ;
407 3266 473 3325 huic
488 3283 606 3339 autem,
622 3288 678 3348 pro
689 3288 748 3349 quo
759 3267 882 3341 dicitur,
897 3269 948 3329 ni·
1053 3331 1056 3336 ,

262 3345 305 3413 hil
321 3345 416 3430 possit
439 3341 606 3410 offensionis
625 3347 766 3409 accedere
770 3349 847 3487 gine
868 3369 950 3412 acer·
997 3331 1084 3484 s

816 3450 847 3492 tv
